2070 3036
176 209 223 263 ΗΞ
328 211 354 258 0.
375 211 434 258 cit.
455 209 661 258 snLLusTu
680 209 826 257 BELLUM

172 316 251 372 sinus
262 329 348 387 prope
357 313 387 370 in
398 320 520 370 extrema
529 311 632 378 Africa,
639 312 761 385 impares
771 315 975 388 magnitudine,

171 392 232 465 pari
248 399 360 447 natura:
382 406 500 463 quorum
513 406 649 461 proxuma
663 397 751 445 terrae
764 391 891 462 praealta
900 401 973 461 suat3
1014 463 1015 468 ἵ

172 477 276 532 uetera,
289 468 331 522 uti
342 465 398 522 lars
407 466 483 530 tulit,
497 466 566 530 alta,
582 466 636 521 alia
650 465 854 538 intempestate
865 469 974 524 vadosa.
1014 469 1015 542 ᾗ

172 546 241 600 Nam
257 543 306 600 ubi
317 560 392 599 mare
405 559 537 615 magnum
547 558 609 598 esse
619 549 645 596 st
654 543 762 598 saevire
772 545 866 600 ventis
877 547 973 618 eoepit,
1014 563 1015 618 q

173 621 271 678 limum
288 635 454 690 arenamque
469 626 496 673 et
509 635 577 674 saxa
591 619 714 692 ingentia
732 616 834 675 fluetus
849 621 974 676 trahunt:

172 698 211 754 ita
222 697 306 753 facies
318 697 438 752 locorum
447 711 518 749 ¹eum
528 695 620 751 ventis
631 695 715 749 simul
726 703 860 752 mutatur.
883 696 975 772 Syrtes

102 785 108 797 ·
172 773 208 830 ab
228 783 316 830 tractu
335 772 500 828 nominatae.
544 772 613 826 Eius
636 770 758 827 civitatis
779 771 877 846 lingua
898 773 976 830 medo
1014 813 1015 830 r

172 867 305 907 eonversa
325 847 464 906 connubio
484 846 682 903 Numidarum:
714 847 807 921 legum
827 850 976 924 cultusque

171 927 306 1000 pleraque
316 925 462 982 Sidonica:
474 940 547 996 quae
557 941 590 980 eo
601 921 712 979 facilius
722 924 890 990 retinebant,
902 926 975 999 quod

171 1004 268 1076 procul
285 1003 319 1059 ab
334 1001 452 1075 imperio
467 1001 542 1075 regis
557 1008 672 1056 aetatem
688 999 817 1074 agebant.
857 1003 933 1058 later
943 1003 976 1058 il·

171 1081 213 1135 los
237 1089 266 1136 'et
291 1079 462 1152 frequentem
486 1076 646 1134 Numidiam
671 1077 752 1134 multi
772 1077 904 1151 vastique
925 1079 975 1136 loei

171 1164 257 1212 erant.

152 1236 154 1238 ’
227 1230 354 1296 lxxix.
373 1228 429 1285 Sed
439 1229 570 1301 quoniam
581 1229 611 1285 in
622 1228 673 1284 has
683 1229 811 1304 regiones
820 1245 871 1304 per
881 1231 976 1305 Lepti·

172 1317 296 1364 tenorum
311 1307 422 1380 negotia
442 1306 584 1371 vertimus,
612 1307 667 1362 noa
684 1305 831 1380 indignum
854 1307 973 1373 ridetur,

170 1383 315 1457 egregium
330 1389 412 1454 atque
427 1382 556 1438 mirabile
572 1379 680 1438 latinus
696 1381 815 1438 duorum
829 1382 975 1459 Cartbagi-

171 1459 312 1516 niensium
327 1473 492 1528 memorare;
514 1475 575 1514 eam
590 1475 648 1514 rem
663 1475 713 1513 nos
729 1458 805 1514 loeus
819 1459 972 1517 admonuit.

171 1535 230 1604 Qua
250 1543 412 1607 tempestate
432 1535 675 1610 Carthaginienses
694 1534 844 1608 pleraeque
864 1535 972 1593 Africae

130 1633 137 1644 ·
171 1612 381 1686 imperitabant,
404 1611 574 1688 Cyrenenses
584 1627 696 1684 quoque
706 1612 801 1686 magni
812 1620 896 1685 atque
905 1631 974 1686 opu-

171 1689 239 1744 lenti
258 1688 347 1748 luere.
386 1687 460 1764 Ager
474 1690 504 1744 in
519 1688 611 1745 medie
626 1705 772 1753 arenosus,
795 1705 851 1745 una
864 1680 989 1763 speeiez.

170 1781 262 1838 neque
272 1763 386 1831 flumen,
403 1781 494 1839 neque
504 1782 583 1821 mons
594 1772 660 1830 erat,
673 1764 722 1837 qui
734 1764 797 1819 finis
808 1781 905 1821 earum
917 1767 973 1822 dis-

170 1851 307 1898 cerneret:
329 1859 401 1914 quae
415 1859 459 1897 res
475 1858 521 1896 eos
536 1842 565 1896 in
580 1857 681 1915 magno
695 1840 885 1914 diuturnoque
900 1843 973 1899 bello

169 1917 281 1974 interea
291 1918 400 1975 habuit.
439 1917 587 1990 Postquam
600 1918 741 1990 utrimque
752 1917 890 1990 legiones,
907 1919 973 1974 item

170 1991 288 2060 classes,
306 2009 389 2067 saepe
399 1991 478 2048 lusae
487 1993 668 2068 fugataeque,
684 2002 711 2050 et
721 1993 799 2050 alteri
811 1993 913 2050 alteros
923 1995 974 2051 ali-

170 2079 306 2141 quantum
317 2072 490 2138 attriverant;
508 2071 603 2134 veriti,
621 2085 655 2126 ne
666 2087 731 2126 mox
742 2070 828 2126 vietae
839 2071 974 2127 victores·

170 2161 225 2217 que
235 2145 358 2203 delesses
370 2147 442 2202 alius
453 2145 664 2220 aggrederetur,
686 2163 736 2220 per
748 2146 877 2202 inducias
888 2165 974 2220 spea-

170 2221 277 2278 sionem
288 2221 407 2288 iaciunt,
428 2223 475 2278 uti·
483 2232 557 2278 certo
569 2221 616 2278 die
627 2222 711 2296 legati
722 2223 803 2279 dome
813 2221 974 2296 proficisse-

169 2307 278 2366 rentur3
299 2315 355 2369 quo
370 2299 399 2354 in
414 2297 474 2354 loco
488 2298 561 2354 inter
575 2314 605 2354 se
617 2297 696 2355 obvii
706 2300 837 2364 luissent,
859 2300 885 2355 is
897 2317 973 2358 eom·

169 2374 263 2428 munis
274 2374 421 2444 utriusque
431 2373 529 2445 papuli
544 2373 607 2429 linis
621 2373 779 2429 haberetur.
808 2376 896 2452 Igitur
907 2377 973 2434 Car-

169 2447 282 2521 thagine
297 2446 352 2500 duo
367 2447 464 2502 fratres
479 2448 573 2513 missi,
595 2448 698 2519 quibus
714 2465 813 2506 nomen
829 2451 972 2510 Philaenis

169 2531 239 2589 erat,
260 2527 433 2576 maturavere
450 2522 503 2577 iter
522 2537 650 2595 pergere:
677 2522 849 2594 Cyrenenses
863 2529 971 2586 tardius

169 2602 236 2658 iere.
265 2595 296 2651 ld
306 2593 468 2651 socordiane
477 2614 511 2652 an
521 2613 586 2651 casu
598 2593 743 2661 acciderit,
756 2617 900 2670 parumoo
941 2623 971 2661 0-

136 2726 139 2731 .
170 2678 210 2733 vi.
249 2671 373 2730 ceterum
387 2667 458 2724 solet
472 2671 501 2723 in
516 2670 574 2723 illis
590 2666 657 2722 locis
673 2675 823 2743 tempestas
838 2677 894 2736 hau
927 2698 971 2736 se·

171 2770 235 2818 aus,
260 2755 339 2819 atque
358 2741 388 2796 in
402 2741 485 2806 mari,
510 2742 638 2796 retinere.
677 2743 748 2802 Nam
768 2749 818 2805 ubi
836 2769 890 2824 per
911 2755 969 2813 1002
