2058 3032
158 181 187 232 ld
284 215 289 228 ·
364 188 391 232 C.
404 187 532 232 CRISPI
551 183 756 232 sannusrli

154 295 186 342 ut
198 287 360 360 petitionem
375 305 453 344 suam
469 304 550 344 curae
565 288 712 354 haberent,
736 297 905 344 conuentum
924 287 974 342 di-

154 363 241 419 mIsit.

210 439 299 494 XXII.
321 441 408 495 Fuere
419 447 635 511 eatempestate‚
655 441 704 513 qui
715 440 852 504 dicerent,
870 438 974 495 Catili-

154 532 232 580 nam,
244 516 367 572 oratione
377 515 487 580 habita,
499 532 586 587 quum
598 515 633 572 ad
643 515 838 572 iusiurandum
847 515 973 588 popula-

153 608 198 648 res
215 592 328 648 sceleris
346 593 390 646 sui
411 590 548 665 adigeret,
574 592 689 648 humaui
709 592 832 665 corporis
851 593 974 665 sangui-

153 685 232 734 nem,
244 669 311 723 vino
319 668 502 740 permixtum,
515 669 544 722 in
555 671 657 740 pateris
667 668 888 736 circumtulisse;
901 667 972 723 inde

153 761 241 817 quum
252 752 314 816 post
324 744 541 800 exsecrationem
550 761 645 800 omnes
655 743 894 818 degustavissent,
912 744 973 799 sic—

153 821 195 876 uti
210 819 240 876 m
255 819 438 875 sollemnibus
458 815 545 875 sacris
565 819 625 875 fieri
645 820 803 886 consuevit,
824 821 972 893 aperuisse

153 895 302 955 consilium
320 913 415 964 suum3
437 904 520 968 atque
533 913 566 952 eo
580 895 706 953 dictitare
720 895 835 962 iecisse,
856 912 913 969 quo
923 897 971 951 in-

152 982 233 1029 terse
242 973 332 1046 magis
342 971 392 1026 fidi
401 971 505 1038 forent,
526 971 598 1028 alius
613 973 662 1028 alii
677 974 746 1028 tanti
759 971 890 1027 facinoris
901 989 971 1028 oon-

153 1049 214 1105 sciI.
253 1048 387 1104 Nonnulli
402 1047 464 1103 licta
474 1057 501 1102 et
512 1047 593 1113 haec,
615 1057 642 1104 et
656 1048 742 1105 multa
755 1055 895 1122 praeterea
906 1049 972 1104 exi·

153 1124 313 1180 stumabant
322 1123 357 1179 ab
366 1123 421 1190 his,
436 1125 486 1195 qui
497 1123 637 1180 Ciceronis
647 1123 794 1190 invidiam,
808 1141 881 1196 quae
890 1133 971 1197 post-

153 1219 186 1258 ea
203 1208 261 1256 orta
280 1207 334 1265 est,
366 1199 448 1254 leniri
463 1198 613 1256 credebant
626 1201 766 1256 atrocitate
786 1200 900 1256 sceleris
921 1217 970 1256 eo-

153 1294 229 1341 rum,
249 1276 300 1348 qui
309 1292 412 1348 poenas
422 1274 565 1332 dederant.
604 1276 691 1332 Nobis
702 1294 734 1334 ea
744 1294 789 1332 res
797 1294 848 1350 pro
856 1277 969 1351 magni-

153 1352 251 1408 tudine
261 1368 359 1423 parum
369 1359 507 1424 comperta
519 1359 570 1407 est.

208 1429 308 1484 XXIII.
330 1425 386 1483 Sed
395 1428 425 1482 ia
436 1444 466 1483 ea
478 1427 667 1484 coniuratione
677 1427 731 1484 fuit
740 1428 773 1496 Q.
786 1429 900 1494 Curius,
917 1447 968 1485 na-

153 1513 198 1561 tus
219 1503 294 1560 haud
313 1503 431 1559 obscuro
450 1504 524 1570 loco,
554 1501 667 1578 flagitiis
690 1513 774 1578 atque
795 1505 968 1562 facinoribus

154 1589 312 1654 coopertus;
339 1596 422 1652 quem
436 1579 569 1639 Censores
582 1589 680 1637 senatu
694 1582 790 1654 probri
804 1584 892 1657 gratia
908 1599 969 1638 mo·

153 1665 260 1713 verant.
299 1657 370 1712 Huic
384 1657 491 1714 homini
506 1675 560 1714 non
575 1658 665 1714 minor
679 1657 800 1724 vanitas,
821 1675 906 1731 quam
917 1677 968 1718 au-

154 1733 247 1799 dacia,
263 1733 365 1803 inerat,
387 1750 479 1807 neque
488 1736 617 1800 reticere,
633 1751 705 1806 quae
716 1733 854 1800 sudlerat,
875 1751 967 1809 neque

153 1819 261 1866 suamet
275 1811 336 1883 ipse
351 1810 455 1879 scelera
469 1811 621 1875 occultare,
641 1826 755 1881 prorsus
769 1827 860 1882 neque
873 1812 967 1869 dicere

153 1901 244 1958 neque
259 1885 348 1942 iacere
361 1885 511 1957 qumquam
525 1886 607 1957 pensi
621 1883 751 1940 habebat.
790 1886 855 1942 Erat
865 1889 891 1943 ei
903 1905 967 1946 cum

153 1961 266 2026 Fulvia,
282 1961 399 2017 muliere
409 1959 512 2026 nobili,
527 1961 616 2032 stupri
626 1968 706 2014 vetus
716 1963 902 2034 consuetud03
920 1967 968 2022 cui

152 2054 240 2109 quum
250 2038 343 2093 minus
352 2044 447 2111 gratus
462 2043 548 2101 esset,
570 2036 637 2108 quia
651 2037 746 2109 iuopia
760 2039 853 2094 minus
869 2040 966 2115 largiri

152 2121 271 2186 poterat,
293 2120 406 2185 repente
420 2113 542 2186 glorians
557 2113 644 2168 maris
658 2122 821 2186 montesque
838 2116 964 2187 polliceri

152 2189 257 2261 coepit,
279 2197 306 2244 ct
314 2189 414 2244 minari
430 2186 569 2244 interdum
580 2187 666 2255 ferro,
687 2190 717 2244 ni
727 2189 783 2246 sibi
793 2191 913 2248 obnoxia
923 2193 966 2250 io-

152 2273 206 2322 ret:
236 2274 375 2337 postremo
396 2263 515 2320 fereclus
534 2263 652 2337 agitare,
673 2279 755 2338 quam
776 2267 875 2322 solitus
895 2279 963 2326 erat.

152 2342 187 2398 dt
196 2340 310 2406 Fulvia,
331 2340 495 2398 insolentiae
506 2339 583 2396 Curii
596 2357 694 2397 caussa
707 2341 831 2416 cognita,
850 2344 905 2401 tale
914 2363 965 2418 pe-

152 2417 273 2476 riculum
283 2417 455 2490 reipublicae
465 2415 685 2473 haudoccultum
696 2416 807 2484 habuit,
819 2419 884 2486 sed,
895 2422 964 2478 sub-

153 2495 207 2553 lato
222 2502 346 2558 auctore,
366 2493 401 2549 de
414 2493 548 2551 Catilinae
562 2493 751 2550 coniuratIone
764 2511 836 2568 quae
852 2513 964 2571 quoque

154 2573 235 2630 modo
254 2569 392 2635 audierat,
422 2568 613 2642 compluribus
633 2571 765 2626 narravit.
812 2572 850 2628 Ea
870 2590 914 2628 res
933 2574 963 2628 in

156 2650 253 2724 primis
263 2645 355 2704 studia
365 2645 508 2702 bominum
519 2644 645 2700 accendit
655 2643 691 2700 ad
701 2646 873 2702 consulatum
885 2667 963 2704 mon-

157 2725 278 2784 dandum
296 2725 333 2781 bl.
352 2719 442 2780 Tullio
455 2719 592 2784 ciperani.
631 2721 757 2792 Namque
775 2731 852 2778 antea
873 2724 963 2794 plera-
