<?xml version="1.0" encoding="UTF-8"?>
<!DOCTYPE html PUBLIC "-//W3C//DTD XHTML 1.0 Transitional//EN"
    "http://www.w3.org/TR/xhtml1/DTD/xhtml1-transitional.dtd">
<html xmlns="http://www.w3.org/1999/xhtml" xml:lang="en" lang="en">
 <head>
  <title>
</title>
<meta http-equiv="Content-Type" content="text/html;charset=utf-8" />
  <meta name='ocr-system' content='tesseract 3.04.00' />
  <meta name='ocr-capabilities' content='ocr_page ocr_carea ocr_par ocr_line ocrx_word'/>
</head>
<body>
  <div class='ocr_page' id='page_1' title='image "./ccrispisallusti00nobbgoog_0139.png"; bbox 0 0 2070 3036; ppageno 0'>
   <div class='ocr_carea' id='block_1_1' title="bbox 194 199 848 266">
    <p class='ocr_par' dir='ltr' id='par_1_1' title="bbox 194 199 848 266">
     <span class='ocr_line' id='line_1_1' title="bbox 194 199 848 266; baseline -0.006 -12"><span class='ocrx_word' id='word_1_1' title='bbox 194 199 244 266; x_wconf 69' lang='lat' dir='ltr'>tto</span> <span class='ocrx_word' id='word_1_2' title='bbox 339 204 371 252; x_wconf 86' lang='lat' dir='ltr'>c.</span> <span class='ocrx_word' id='word_1_3' title='bbox 391 203 448 261; x_wconf 76' lang='lat' dir='ltr'>cra.</span> <span class='ocrx_word' id='word_1_4' title='bbox 467 202 675 262; x_wconf 75' lang='lat' dir='ltr'>annnpsrrr</span> <span class='ocrx_word' id='word_1_5' title='bbox 692 203 848 257; x_wconf 77' lang='lat' dir='ltr'>aunuum</span> 
     </span>
    </p>
   </div>
   <div class='ocr_carea' id='block_1_2' title="bbox 186 305 1020 1675">
    <p class='ocr_par' dir='ltr' id='par_1_2' title="bbox 186 305 1020 1675">
     <span class='ocr_line' id='line_1_2' title="bbox 192 305 999 384; baseline 0 -20"><span class='ocrx_word' id='word_1_6' title='bbox 192 323 264 364; x_wconf 85' lang='lat' dir='ltr'>ease.</span> <span class='ocrx_word' id='word_1_7' title='bbox 289 308 362 364; x_wconf 88' lang='lat' dir='ltr'>llaec</span> <span class='ocrx_word' id='word_1_8' title='bbox 372 315 455 384; x_wconf 70' lang='lat' dir='ltr'>atque</span> <span class='ocrx_word' id='word_1_9' title='bbox 464 305 530 366; x_wconf 87' lang='lat' dir='ltr'>talia</span> <span class='ocrx_word' id='word_1_10' title='bbox 540 307 658 365; x_wconf 86' lang='lat' dir='ltr'>maiores</span> <span class='ocrx_word' id='word_1_11' title='bbox 670 307 756 366; x_wconf 81' lang='lat' dir='ltr'>rostri</span> <span class='ocrx_word' id='word_1_12' title='bbox 769 305 999 382; x_wconf 73' lang='lat' dir='ltr'>faciundamque</span> 
     </span>
     <span class='ocr_line' id='line_1_3' title="bbox 192 381 995 457; baseline 0.001 -16"><span class='ocrx_word' id='word_1_13' title='bbox 192 394 220 442; x_wconf 87' lang='lat' dir='ltr'>et</span> <span class='ocrx_word' id='word_1_14' title='bbox 233 401 291 440; x_wconf 89' lang='lat' dir='ltr'>reru</span> <span class='ocrx_word' id='word_1_15' title='bbox 306 384 450 457; x_wconf 83' lang='lat' dir='ltr'>publicam</span> <span class='ocrx_word' id='word_1_16' title='bbox 464 381 651 453; x_wconf 75' lang='lat' dir='ltr'>celebravere.</span> <span class='ocrx_word' id='word_1_17' title='bbox 689 382 759 452; x_wconf 75' lang='lat' dir='ltr'>Quis</span> <span class='ocrx_word' id='word_1_18' title='bbox 772 383 904 454; x_wconf 71' lang='lat' dir='ltr'><strong>nobilitas</strong></span> <span class='ocrx_word' id='word_1_19' title='bbox 919 384 995 450; x_wconf 82' lang='lat' dir='ltr'>freta,</span> 
     </span>
     <span class='ocr_line' id='line_1_4' title="bbox 192 457 998 533; baseline 0.002 -17"><span class='ocrx_word' id='word_1_20' title='bbox 192 462 253 533; x_wconf 88' lang='lat' dir='ltr'>ipsa</span> <span class='ocrx_word' id='word_1_21' title='bbox 264 460 413 520; x_wconf 86' lang='lat' dir='ltr'>dissimilis</span> <span class='ocrx_word' id='word_1_22' title='bbox 424 458 563 525; x_wconf 81' lang='lat' dir='ltr'>moribus,</span> <span class='ocrx_word' id='word_1_23' title='bbox 585 477 636 518; x_wconf 83' lang='lat' dir='ltr'>noe</span> <span class='ocrx_word' id='word_1_24' title='bbox 646 457 759 516; x_wconf 90' lang='lat' dir='ltr'>illorum</span> <span class='ocrx_word' id='word_1_25' title='bbox 769 459 897 528; x_wconf 84' lang='lat' dir='ltr'>aemulos</span> <span class='ocrx_word' id='word_1_26' title='bbox 905 471 998 518; x_wconf 88' lang='lat' dir='ltr'>oonte-</span> 
     </span>
     <span class='ocr_line' id='line_1_5' title="bbox 192 535 996 610; baseline 0 -18"><span class='ocrx_word' id='word_1_27' title='bbox 192 538 277 595; x_wconf 81' lang='lat' dir='ltr'>nrnit.</span> <span class='ocrx_word' id='word_1_28' title='bbox 305 546 332 592; x_wconf 91' lang='lat' dir='ltr'>et</span> <span class='ocrx_word' id='word_1_29' title='bbox 345 536 437 598; x_wconf 82' lang='lat' dir='ltr'>omnia</span> <span class='ocrx_word' id='word_1_30' title='bbox 456 535 574 594; x_wconf 85' lang='lat' dir='ltr'>honores</span> <span class='ocrx_word' id='word_1_31' title='bbox 590 552 644 590; x_wconf 93' lang='lat' dir='ltr'>non</span> <span class='ocrx_word' id='word_1_32' title='bbox 658 551 695 592; x_wconf 78' lang='lat' dir='ltr'>ex</span> <span class='ocrx_word' id='word_1_33' title='bbox 708 536 822 604; x_wconf 83' lang='lat' dir='ltr'>merito,</span> <span class='ocrx_word' id='word_1_34' title='bbox 846 536 898 606; x_wconf 82' lang='lat' dir='ltr'>sed</span> <span class='ocrx_word' id='word_1_35' title='bbox 917 539 996 610; x_wconf 80' lang='lat' dir='ltr'>quasi</span> 
     </span>
     <span class='ocr_line' id='line_1_6' title="bbox 191 609 997 688; baseline 0.002 -19"><span class='ocrx_word' id='word_1_36' title='bbox 191 613 301 678; x_wconf 74' lang='lat' dir='ltr'>debitos</span> <span class='ocrx_word' id='word_1_37' title='bbox 320 630 336 668; x_wconf 89' lang='lat' dir='ltr'>a</span> <span class='ocrx_word' id='word_1_38' title='bbox 354 611 435 676; x_wconf 79' lang='lat' dir='ltr'>rolris</span> <span class='ocrx_word' id='word_1_39' title='bbox 454 610 564 684; x_wconf 82' lang='lat' dir='ltr'>repetit.</span> <span class='ocrx_word' id='word_1_40' title='bbox 604 609 733 668; x_wconf 84' lang='lat' dir='ltr'>Ceterum</span> <span class='ocrx_word' id='word_1_41' title='bbox 752 610 882 684; x_wconf 72' lang='lat' dir='ltr'>homines</span> <span class='ocrx_word' id='word_1_42' title='bbox 899 631 997 688; x_wconf 86' lang='lat' dir='ltr'>super-</span> 
     </span>
     <span class='ocr_line' id='line_1_7' title="bbox 192 687 997 763; baseline 0 -19"><span class='ocrx_word' id='word_1_43' title='bbox 192 689 310 746; x_wconf 87' lang='lat' dir='ltr'>bissumi</span> <span class='ocrx_word' id='word_1_44' title='bbox 322 688 418 760; x_wconf 86' lang='lat' dir='ltr'>procul</span> <span class='ocrx_word' id='word_1_45' title='bbox 429 695 531 744; x_wconf 86' lang='lat' dir='ltr'>errant.</span> <span class='ocrx_word' id='word_1_46' title='bbox 571 687 688 744; x_wconf 79' lang='lat' dir='ltr'><strong>Maiores</strong></span> <span class='ocrx_word' id='word_1_47' title='bbox 699 703 795 744; x_wconf 90' lang='lat' dir='ltr'>eorum</span> <span class='ocrx_word' id='word_1_48' title='bbox 804 689 916 756; x_wconf 88' lang='lat' dir='ltr'>omnia,</span> <span class='ocrx_word' id='word_1_49' title='bbox 928 707 997 763; x_wconf 84' lang='lat' dir='ltr'>quae</span> 
     </span>
     <span class='ocr_line' id='line_1_8' title="bbox 193 761 998 837; baseline 0 -15"><span class='ocrx_word' id='word_1_50' title='bbox 193 765 304 829; x_wconf 75' lang='lat' dir='ltr'>licebat,</span> <span class='ocrx_word' id='word_1_51' title='bbox 316 764 375 822; x_wconf 90' lang='lat' dir='ltr'>illis</span> <span class='ocrx_word' id='word_1_52' title='bbox 385 763 533 836; x_wconf 78' lang='lat' dir='ltr'>reliquere,</span> <span class='ocrx_word' id='word_1_53' title='bbox 549 761 673 827; x_wconf 85' lang='lat' dir='ltr'>divitiae,</span> <span class='ocrx_word' id='word_1_54' title='bbox 686 763 825 837; x_wconf 77' lang='lat' dir='ltr'>imagines</span> <span class='ocrx_word' id='word_1_55' title='bbox 835 768 998 837; x_wconf 78' lang='lat' dir='ltr'>memoriam</span> 
     </span>
     <span class='ocr_line' id='line_1_9' title="bbox 190 838 998 916; baseline 0.002 -20"><span class='ocrx_word' id='word_1_56' title='bbox 190 843 234 899; x_wconf 87' lang='lat' dir='ltr'>sui</span> <span class='ocrx_word' id='word_1_57' title='bbox 246 839 429 916; x_wconf 85' lang='lat' dir='ltr'>praeclaram:</span> <span class='ocrx_word' id='word_1_58' title='bbox 442 841 573 899; x_wconf 83' lang='lat' dir='ltr'>virtutem</span> <span class='ocrx_word' id='word_1_59' title='bbox 584 856 639 901; x_wconf 87' lang='lat' dir='ltr'>noo</span> <span class='ocrx_word' id='word_1_60' title='bbox 650 838 802 911; x_wconf 82' lang='lat' dir='ltr'>reliquero;</span> <span class='ocrx_word' id='word_1_61' title='bbox 816 857 911 914; x_wconf 80' lang='lat' dir='ltr'>neque</span> <span class='ocrx_word' id='word_1_62' title='bbox 921 852 998 915; x_wconf 87' lang='lat' dir='ltr'>pote-</span> 
     </span>
     <span class='ocr_line' id='line_1_10' title="bbox 189 914 997 991; baseline 0 -19"><span class='ocrx_word' id='word_1_63' title='bbox 189 926 264 973; x_wconf 87' lang='lat' dir='ltr'>rant:</span> <span class='ocrx_word' id='word_1_64' title='bbox 292 933 324 972; x_wconf 87' lang='lat' dir='ltr'>aa</span> <span class='ocrx_word' id='word_1_65' title='bbox 338 916 397 974; x_wconf 84' lang='lat' dir='ltr'>sola</span> <span class='ocrx_word' id='word_1_66' title='bbox 412 932 503 987; x_wconf 87' lang='lat' dir='ltr'>neque</span> <span class='ocrx_word' id='word_1_67' title='bbox 523 915 604 973; x_wconf 86' lang='lat' dir='ltr'>datur</span> <span class='ocrx_word' id='word_1_68' title='bbox 623 914 709 981; x_wconf 86' lang='lat' dir='ltr'>dono,</span> <span class='ocrx_word' id='word_1_69' title='bbox 736 932 829 988; x_wconf 90' lang='lat' dir='ltr'>neque</span> <span class='ocrx_word' id='word_1_70' title='bbox 848 919 997 991; x_wconf 72' lang='lat' dir='ltr'>accipitur.</span> 
     </span>
     <span class='ocr_line' id='line_1_11' title="bbox 190 981 998 1066; baseline 0 -16"><span class='ocrx_word' id='word_1_71' title='bbox 190 981 342 1054; x_wconf 79' lang='lat' dir='ltr'>Sordidior</span> <span class='ocrx_word' id='word_1_72' title='bbox 355 1009 401 1056; x_wconf 85' lang='lat' dir='ltr'>mo</span> <span class='ocrx_word' id='word_1_73' title='bbox 409 1000 436 1048; x_wconf 89' lang='lat' dir='ltr'>at</span> <span class='ocrx_word' id='word_1_74' title='bbox 445 991 560 1050; x_wconf 87' lang='lat' dir='ltr'>incultis</span> <span class='ocrx_word' id='word_1_75' title='bbox 599 990 797 1061; x_wconf 81' lang='lat' dir='ltr'>oribusaiunt3</span> <span class='ocrx_word' id='word_1_76' title='bbox 820 994 889 1065; x_wconf 88' lang='lat' dir='ltr'>quia</span> <span class='ocrx_word' id='word_1_77' title='bbox 898 1011 998 1066; x_wconf 87' lang='lat' dir='ltr'>parum</span> 
     </span>
     <span class='ocr_line' id='line_1_12' title="bbox 189 1065 998 1140; baseline 0.001 -14"><span class='ocrx_word' id='word_1_78' title='bbox 189 1068 259 1134; x_wconf 82' lang='lat' dir='ltr'>scite</span> <span class='ocrx_word' id='word_1_79' title='bbox 270 1069 432 1128; x_wconf 88' lang='lat' dir='ltr'>convivium</span> <span class='ocrx_word' id='word_1_80' title='bbox 442 1085 559 1134; x_wconf 84' lang='lat' dir='ltr'>exorno,</span> <span class='ocrx_word' id='word_1_81' title='bbox 589 1085 660 1140; x_wconf 84' lang='lat' dir='ltr'>aque</span> <span class='ocrx_word' id='word_1_82' title='bbox 670 1065 835 1138; x_wconf 76' lang='lat' dir='ltr'>histrionem</span> <span class='ocrx_word' id='word_1_83' title='bbox 845 1069 939 1126; x_wconf 90' lang='lat' dir='ltr'>ullum</span> <span class='ocrx_word' id='word_1_84' title='bbox 949 1089 998 1127; x_wconf 90' lang='lat' dir='ltr'>ne-</span> 
     </span>
     <span class='ocr_line' id='line_1_13' title="bbox 187 1143 994 1221; baseline 0.002 -21"><span class='ocrx_word' id='word_1_85' title='bbox 187 1161 244 1218; x_wconf 81' lang='lat' dir='ltr'>que</span> <span class='ocrx_word' id='word_1_86' title='bbox 259 1143 350 1216; x_wconf 79' lang='lat' dir='ltr'>pluris</span> <span class='ocrx_word' id='word_1_87' title='bbox 363 1143 446 1216; x_wconf 82' lang='lat' dir='ltr'>pretii</span> <span class='ocrx_word' id='word_1_88' title='bbox 466 1161 602 1221; x_wconf 79' lang='lat' dir='ltr'>coquum,</span> <span class='ocrx_word' id='word_1_89' title='bbox 625 1143 868 1216; x_wconf 23' lang='lat' dir='ltr'>quamflvillicum,</span> <span class='ocrx_word' id='word_1_90' title='bbox 891 1145 994 1216; x_wconf 74' lang='lat' dir='ltr'>lralreo3</span> 
     </span>
     <span class='ocr_line' id='line_1_14' title="bbox 190 1218 996 1295; baseline 0.002 -19"><span class='ocrx_word' id='word_1_91' title='bbox 190 1235 260 1292; x_wconf 86' lang='lat' dir='ltr'>quaa</span> <span class='ocrx_word' id='word_1_92' title='bbox 272 1220 342 1278; x_wconf 91' lang='lat' dir='ltr'>mihi</span> <span class='ocrx_word' id='word_1_93' title='bbox 351 1219 431 1284; x_wconf 80' lang='lat' dir='ltr'>lubet</span> <span class='ocrx_word' id='word_1_94' title='bbox 440 1219 579 1285; x_wconf 84' lang='lat' dir='ltr'>confiteri,</span> <span class='ocrx_word' id='word_1_95' title='bbox 591 1218 724 1290; x_wconf 80' lang='lat' dir='ltr'>Quirites.</span> <span class='ocrx_word' id='word_1_96' title='bbox 754 1221 825 1290; x_wconf 81' lang='lat' dir='ltr'>Num</span> <span class='ocrx_word' id='word_1_97' title='bbox 836 1233 996 1295; x_wconf 78' lang='lat' dir='ltr'>expetente</span> 
     </span>
     <span class='ocr_line' id='line_1_15' title="bbox 188 1295 993 1369; baseline 0 -15"><span class='ocrx_word' id='word_1_98' title='bbox 188 1303 291 1360; x_wconf 82' lang='lat' dir='ltr'>meoet</span> <span class='ocrx_word' id='word_1_99' title='bbox 306 1313 342 1355; x_wconf 85' lang='lat' dir='ltr'>cx</span> <span class='ocrx_word' id='word_1_100' title='bbox 357 1295 539 1357; x_wconf 82' lang='lat' dir='ltr'>aliieeanetia</span> <span class='ocrx_word' id='word_1_101' title='bbox 560 1295 628 1355; x_wconf 79' lang='lat' dir='ltr'>viria</span> <span class='ocrx_word' id='word_1_102' title='bbox 648 1295 687 1366; x_wconf 76' lang='lat' dir='ltr'>ita</span> <span class='ocrx_word' id='word_1_103' title='bbox 705 1297 815 1369; x_wconf 88' lang='lat' dir='ltr'>accepi,</span> <span class='ocrx_word' id='word_1_104' title='bbox 840 1297 993 1368; x_wconf 83' lang='lat' dir='ltr'>munditias</span> 
     </span>
     <span class='ocr_line' id='line_1_16' title="bbox 187 1368 991 1449; baseline 0.006 -21"><span class='ocrx_word' id='word_1_105' title='bbox 187 1370 368 1436; x_wconf 84' lang='lat' dir='ltr'>mulieribus,</span> <span class='ocrx_word' id='word_1_106' title='bbox 393 1371 464 1429; x_wconf 80' lang='lat' dir='ltr'>viris</span> <span class='ocrx_word' id='word_1_107' title='bbox 481 1371 604 1436; x_wconf 84' lang='lat' dir='ltr'>laborem</span> <span class='ocrx_word' id='word_1_108' title='bbox 619 1372 768 1431; x_wconf 87' lang='lat' dir='ltr'>convenire</span> <span class='ocrx_word' id='word_1_109' title='bbox 775 1368 786 1437; x_wconf 89' lang='lat'>‚&#39;</span> <span class='ocrx_word' id='word_1_110' title='bbox 804 1374 991 1449; x_wconf 85' lang='lat' dir='ltr'>omnibusque</span> 
     </span>
     <span class='ocr_line' id='line_1_17' title="bbox 186 1445 1020 1521; baseline 0.007 -18"><span class='ocrx_word' id='word_1_111' title='bbox 186 1445 268 1504; x_wconf 89' lang='lat' dir='ltr'>bonis</span> <span class='ocrx_word' id='word_1_112' title='bbox 281 1455 406 1519; x_wconf 84' lang='lat' dir='ltr'>oportere</span> <span class='ocrx_word' id='word_1_113' title='bbox 421 1447 485 1520; x_wconf 82' lang='lat' dir='ltr'>plus</span> <span class='ocrx_word' id='word_1_114' title='bbox 499 1446 618 1521; x_wconf 83' lang='lat' dir='ltr'>gloriae,</span> <span class='ocrx_word' id='word_1_115' title='bbox 638 1464 721 1520; x_wconf 85' lang='lat' dir='ltr'>quam</span> <span class='ocrx_word' id='word_1_116' title='bbox 735 1447 901 1520; x_wconf 67' lang='lat' dir='ltr'>dinitiarum</span> <span class='ocrx_word' id='word_1_117' title='bbox 916 1469 988 1520; x_wconf 69' lang='lat' dir='ltr'>esse,</span> <span class='ocrx_word' id='word_1_118' title='bbox 1019 1461 1020 1468; x_wconf 76' lang='grc'>’</span> 
     </span>
     <span class='ocr_line' id='line_1_18' title="bbox 187 1522 988 1602; baseline 0.005 -22"><span class='ocrx_word' id='word_1_119' title='bbox 187 1541 276 1588; x_wconf 82' lang='lat' dir='ltr'>arma,</span> <span class='ocrx_word' id='word_1_120' title='bbox 298 1540 353 1580; x_wconf 93' lang='lat' dir='ltr'>non</span> <span class='ocrx_word' id='word_1_121' title='bbox 366 1523 584 1598; x_wconf 85' lang='lat' dir='ltr'>supellectilem,</span> <span class='ocrx_word' id='word_1_122' title='bbox 606 1522 700 1580; x_wconf 90' lang='lat' dir='ltr'>decori</span> <span class='ocrx_word' id='word_1_123' title='bbox 714 1541 786 1594; x_wconf 79' lang='lat' dir='ltr'>esse.</span> <span class='ocrx_word' id='word_1_124' title='bbox 825 1524 901 1596; x_wconf 85' lang='lat' dir='ltr'>Quin</span> <span class='ocrx_word' id='word_1_125' title='bbox 914 1545 988 1602; x_wconf 80' lang='lat' dir='ltr'>ergo.</span> 
     </span>
     <span class='ocr_line' id='line_1_19' title="bbox 186 1598 990 1675; baseline 0.004 -18"><span class='ocrx_word' id='word_1_126' title='bbox 186 1600 262 1674; x_wconf 89' lang='lat' dir='ltr'>quod</span> <span class='ocrx_word' id='word_1_127' title='bbox 276 1599 368 1665; x_wconf 88' lang='lat' dir='ltr'>iuvat,</span> <span class='ocrx_word' id='word_1_128' title='bbox 390 1599 466 1673; x_wconf 88' lang='lat' dir='ltr'>quod</span> <span class='ocrx_word' id='word_1_129' title='bbox 480 1617 576 1658; x_wconf 85' lang='lat' dir='ltr'>carum</span> <span class='ocrx_word' id='word_1_130' title='bbox 590 1608 758 1666; x_wconf 82' lang='lat' dir='ltr'>aestuarent,</span> <span class='ocrx_word' id='word_1_131' title='bbox 780 1598 811 1659; x_wconf 82' lang='lat' dir='ltr'>id</span> <span class='ocrx_word' id='word_1_132' title='bbox 826 1619 939 1675; x_wconf 79' lang='lat' dir='ltr'>semper</span> <span class='ocrx_word' id='word_1_133' title='bbox 952 1603 990 1660; x_wconf 85' lang='lat' dir='ltr'>la·</span> 
     </span>
    </p>
   </div>
   <div class='ocr_carea' id='block_1_3' title="bbox 101 1675 989 1749">
    <p class='ocr_par' dir='ltr' id='par_1_3' title="bbox 101 1675 989 1749">
     <span class='ocr_line' id='line_1_20' title="bbox 101 1675 989 1749; baseline 0.002 -15"><span class='ocrx_word' id='word_1_134' title='bbox 101 1685 104 1690; x_wconf 81' lang='grc'>’</span> <span class='ocrx_word' id='word_1_135' title='bbox 186 1678 272 1745; x_wconf 85' lang='lat' dir='ltr'>ciant,</span> <span class='ocrx_word' id='word_1_136' title='bbox 287 1684 389 1742; x_wconf 85' lang='lat' dir='ltr'>ament,</span> <span class='ocrx_word' id='word_1_137' title='bbox 401 1684 509 1749; x_wconf 83' lang='lat' dir='ltr'>petent3</span> <span class='ocrx_word' id='word_1_138' title='bbox 517 1675 567 1742; x_wconf 83' lang='lat' dir='ltr'>ubi</span> <span class='ocrx_word' id='word_1_139' title='bbox 579 1676 795 1748; x_wconf 83' lang='lat' dir='ltr'>adulescentiam</span> <span class='ocrx_word' id='word_1_140' title='bbox 806 1675 942 1746; x_wconf 87' lang='lat' dir='ltr'>habuere,</span> <span class='ocrx_word' id='word_1_141' title='bbox 951 1679 989 1736; x_wconf 89' lang='lat' dir='ltr'>ibi</span> 
     </span>
    </p>
   </div>
   <div class='ocr_carea' id='block_1_4' title="bbox 182 1751 1018 2830">
    <p class='ocr_par' dir='ltr' id='par_1_4' title="bbox 182 1751 1018 2830">
     <span class='ocr_line' id='line_1_21' title="bbox 185 1751 989 1886; baseline 0.005 -77"><span class='ocrx_word' id='word_1_142' title='bbox 185 1761 355 1820; x_wconf 82' lang='lat' dir='ltr'>senectutem</span> <span class='ocrx_word' id='word_1_143' title='bbox 366 1752 463 1886; x_wconf 45' lang='lat' dir='ltr'>assa&#39;nt,</span> <span class='ocrx_word' id='word_1_144' title='bbox 479 1754 508 1809; x_wconf 91' lang='lat' dir='ltr'>in</span> <span class='ocrx_word' id='word_1_145' title='bbox 522 1753 674 1817; x_wconf 85' lang='lat' dir='ltr'>conviviis,</span> <span class='ocrx_word' id='word_1_146' title='bbox 694 1751 782 1810; x_wconf 87' lang='lat' dir='ltr'>dediti</span> <span class='ocrx_word' id='word_1_147' title='bbox 793 1755 884 1812; x_wconf 84' lang='lat' dir='ltr'>ventri</span> <span class='ocrx_word' id='word_1_148' title='bbox 895 1765 923 1812; x_wconf 85' lang='lat' dir='ltr'>et</span> <span class='ocrx_word' id='word_1_149' title='bbox 934 1765 989 1812; x_wconf 90' lang='lat' dir='ltr'>tur-</span> 
     </span>
     <span class='ocr_line' id='line_1_22' title="bbox 186 1828 1018 1904; baseline 0.002 -20"><span class='ocrx_word' id='word_1_150' title='bbox 186 1830 375 1902; x_wconf 87' lang='lat' dir='ltr'>piesnmnopa</span> <span class='ocrx_word' id='word_1_151' title='bbox 402 1829 559 1902; x_wconf 83' lang='lat' dir='ltr'>icorporis:</span> <span class='ocrx_word' id='word_1_152' title='bbox 580 1828 724 1893; x_wconf 80' lang='lat' dir='ltr'>sudorem,</span> <span class='ocrx_word' id='word_1_153' title='bbox 745 1828 988 1901; x_wconf 86' lang='lat' dir='ltr'>pulveremetalia</span> <span class='ocrx_word' id='word_1_154' title='bbox 1017 1891 1018 1904; x_wconf 12' lang='grc' dir='ltr'>χ</span> 
     </span>
     <span class='ocr_line' id='line_1_23' title="bbox 185 1904 1018 1978; baseline 0.005 -19"><span class='ocrx_word' id='word_1_155' title='bbox 185 1905 527 1977; x_wconf 85' lang='lat' dir='ltr'>talinrelinquantnobis,</span> <span class='ocrx_word' id='word_1_156' title='bbox 548 1904 986 1978; x_wconf 70' lang='lat' dir='ltr'>quibus&#39;illaepulieincundiora</span> <span class='ocrx_word' id='word_1_157' title='bbox 1017 1907 1018 1933; x_wconf 63' lang='lat'>¹</span> 
     </span>
     <span class='ocr_line' id='line_1_24' title="bbox 184 1978 987 2056; baseline 0.007 -22"><span class='ocrx_word' id='word_1_158' title='bbox 184 1989 260 2036; x_wconf 85' lang='lat' dir='ltr'>aunt.</span> <span class='ocrx_word' id='word_1_159' title='bbox 290 1982 568 2040; x_wconf 77' lang='lat' dir='ltr'>Verumnonestita.</span> <span class='ocrx_word' id='word_1_160' title='bbox 599 1978 987 2056; x_wconf 78' lang='lat' dir='ltr'>Nanubisessagitiisuede·</span> 
     </span>
     <span class='ocr_line' id='line_1_25' title="bbox 184 2056 1017 2150; baseline 0.007 -40"><span class='ocrx_word' id='word_1_161' title='bbox 184 2071 328 2122; x_wconf 76' lang='lat' dir='ltr'>curavere,</span> <span class='ocrx_word' id='word_1_162' title='bbox 341 2056 505 2128; x_wconf 80' lang='lat' dir='ltr'>turpissumi</span> <span class='ocrx_word' id='word_1_163' title='bbox 518 2057 571 2112; x_wconf 85' lang='lat' dir='ltr'>viri</span> <span class='ocrx_word' id='word_1_164' title='bbox 583 2056 718 2114; x_wconf 87' lang='lat' dir='ltr'>bonorum</span> <span class='ocrx_word' id='word_1_165' title='bbox 728 2057 852 2130; x_wconf 89' lang='lat' dir='ltr'>praemia</span> <span class='ocrx_word' id='word_1_166' title='bbox 861 2069 983 2133; x_wconf 88' lang='lat' dir='ltr'>ereptum</span> <span class='ocrx_word' id='word_1_167' title='bbox 1016 2071 1017 2150; x_wconf 58' lang='lat' dir='ltr'>l</span> 
     </span>
     <span class='ocr_line' id='line_1_26' title="bbox 183 2131 985 2208; baseline 0.009 -22"><span class='ocrx_word' id='word_1_168' title='bbox 183 2139 261 2188; x_wconf 89' lang='lat' dir='ltr'>eunt.</span> <span class='ocrx_word' id='word_1_169' title='bbox 286 2134 326 2190; x_wconf 88' lang='lat' dir='ltr'>lta</span> <span class='ocrx_word' id='word_1_170' title='bbox 337 2131 531 2190; x_wconf 82' lang='lat' dir='ltr'>iniustissume</span> <span class='ocrx_word' id='word_1_171' title='bbox 541 2131 652 2190; x_wconf 83' lang='lat' dir='ltr'>luxurio</span> <span class='ocrx_word' id='word_1_172' title='bbox 664 2134 710 2190; x_wconf 86' lang='lat' dir='ltr'>eti</span> <span class='ocrx_word' id='word_1_173' title='bbox 731 2134 826 2200; x_wconf 86' lang='lat' dir='ltr'>navia,</span> <span class='ocrx_word' id='word_1_174' title='bbox 842 2152 985 2208; x_wconf 83' lang='lat' dir='ltr'>pessumae</span> 
     </span>
     <span class='ocr_line' id='line_1_27' title="bbox 185 2151 985 2288; baseline 0.004 -23"><span class='ocrx_word' id='word_1_175' title='bbox 185 2215 268 2274; x_wconf 74' lang='lat' dir='ltr'>artes,</span> <span class='ocrx_word' id='word_1_176' title='bbox 281 2209 349 2275; x_wconf 87' lang='lat' dir='ltr'>illis,</span> <span class='ocrx_word' id='word_1_177' title='bbox 361 2208 411 2280; x_wconf 89' lang='lat' dir='ltr'>qui</span> <span class='ocrx_word' id='word_1_178' title='bbox 421 2207 531 2264; x_wconf 87' lang='lat' dir='ltr'>coluere</span> <span class='ocrx_word' id='word_1_179' title='bbox 540 2224 595 2273; x_wconf 85' lang='lat' dir='ltr'>eas,</span> <span class='ocrx_word' id='word_1_180' title='bbox 612 2210 685 2268; x_wconf 89' lang='lat' dir='ltr'>nihil</span> <span class='ocrx_word' id='word_1_181' title='bbox 694 2151 833 2279; x_wconf 42' lang='lat' dir='ltr'>officinam</span> <span class='ocrx_word' id='word_1_182' title='bbox 852 2213 985 2288; x_wconf 87' lang='lat' dir='ltr'>reipubli-</span> 
     </span>
     <span class='ocr_line' id='line_1_28' title="bbox 184 2283 1016 2365; baseline 0.01 -29"><span class='ocrx_word' id='word_1_183' title='bbox 184 2297 233 2338; x_wconf 85' lang='lat' dir='ltr'>cae</span> <span class='ocrx_word' id='word_1_184' title='bbox 243 2286 374 2340; x_wconf 85' lang='lat' dir='ltr'>innoxiae</span> <span class='ocrx_word' id='word_1_185' title='bbox 385 2283 458 2340; x_wconf 87' lang='lat' dir='ltr'>cladi</span> <span class='ocrx_word' id='word_1_186' title='bbox 469 2291 544 2342; x_wconf 84' lang='lat' dir='ltr'>aunt.</span> <span class='ocrx_word' id='word_1_187' title='bbox 569 2285 664 2351; x_wconf 89' lang='lat' dir='ltr'>Nunc,</span> <span class='ocrx_word' id='word_1_188' title='bbox 676 2288 809 2360; x_wconf 85' lang='lat' dir='ltr'>quoniam</span> <span class='ocrx_word' id='word_1_189' title='bbox 819 2284 888 2354; x_wconf 87' lang='lat' dir='ltr'>illis,</span> <span class='ocrx_word' id='word_1_190' title='bbox 899 2307 984 2363; x_wconf 84' lang='lat' dir='ltr'>quan·</span> <span class='ocrx_word' id='word_1_191' title='bbox 1015 2291 1016 2365; x_wconf 56' lang='lat' dir='ltr'>l</span> 
     </span>
     <span class='ocr_line' id='line_1_29' title="bbox 183 2357 984 2436; baseline 0.01 -24"><span class='ocrx_word' id='word_1_192' title='bbox 183 2365 243 2412; x_wconf 89' lang='lat' dir='ltr'>tum</span> <span class='ocrx_word' id='word_1_193' title='bbox 258 2376 348 2416; x_wconf 87' lang='lat' dir='ltr'>mores</span> <span class='ocrx_word' id='word_1_194' title='bbox 362 2360 432 2426; x_wconf 90' lang='lat' dir='ltr'>mei,</span> <span class='ocrx_word' id='word_1_195' title='bbox 453 2376 507 2416; x_wconf 88' lang='lat' dir='ltr'>nen</span> <span class='ocrx_word' id='word_1_196' title='bbox 521 2357 633 2418; x_wconf 91' lang='lat' dir='ltr'>illorum</span> <span class='ocrx_word' id='word_1_197' title='bbox 644 2359 748 2436; x_wconf 79' lang='lat' dir='ltr'>flagitia</span> <span class='ocrx_word' id='word_1_198' title='bbox 760 2363 923 2434; x_wconf 84' lang='lat' dir='ltr'>poscebant,</span> <span class='ocrx_word' id='word_1_199' title='bbox 943 2383 984 2421; x_wconf 88' lang='lat' dir='ltr'>re·</span> 
     </span>
     <span class='ocr_line' id='line_1_30' title="bbox 182 2433 1015 2508; baseline 0.011 -18"><span class='ocrx_word' id='word_1_200' title='bbox 182 2433 294 2506; x_wconf 84' lang='lat' dir='ltr'>spondi,</span> <span class='ocrx_word' id='word_1_201' title='bbox 307 2452 396 2508; x_wconf 88' lang='lat' dir='ltr'>pauca</span> <span class='ocrx_word' id='word_1_202' title='bbox 405 2434 440 2490; x_wconf 89' lang='lat' dir='ltr'>de</span> <span class='ocrx_word' id='word_1_203' title='bbox 450 2433 595 2508; x_wconf 84' lang='lat' dir='ltr'>republica</span> <span class='ocrx_word' id='word_1_204' title='bbox 606 2436 714 2508; x_wconf 90' lang='lat' dir='ltr'>loquar.</span> <span class='ocrx_word' id='word_1_205' title='bbox 728 2437 853 2495; x_wconf 87' lang='lat' dir='ltr'>Primum</span> <span class='ocrx_word' id='word_1_206' title='bbox 862 2441 982 2498; x_wconf 89' lang='lat' dir='ltr'>omnium</span> <span class='ocrx_word' id='word_1_207' title='bbox 1014 2465 1015 2506; x_wconf 61' lang='lat' dir='ltr'>r</span> 
     </span>
     <span class='ocr_line' id='line_1_31' title="bbox 183 2508 1015 2582; baseline 0.007 -16"><span class='ocrx_word' id='word_1_208' title='bbox 183 2508 219 2566; x_wconf 86' lang='lat' dir='ltr'>de</span> <span class='ocrx_word' id='word_1_209' title='bbox 228 2510 360 2566; x_wconf 88' lang='lat' dir='ltr'>Numidia</span> <span class='ocrx_word' id='word_1_210' title='bbox 372 2509 477 2571; x_wconf 76' lang='lat' dir='ltr'>bonum</span> <span class='ocrx_word' id='word_1_211' title='bbox 487 2510 614 2568; x_wconf 89' lang='lat' dir='ltr'>habetote</span> <span class='ocrx_word' id='word_1_212' title='bbox 625 2511 760 2578; x_wconf 88' lang='lat' dir='ltr'>animum,</span> <span class='ocrx_word' id='word_1_213' title='bbox 772 2513 905 2581; x_wconf 88' lang='lat' dir='ltr'>Quirites.</span> <span class='ocrx_word' id='word_1_214' title='bbox 916 2519 980 2574; x_wconf 85' lang='lat' dir='ltr'>Nam</span> <span class='ocrx_word' id='word_1_215' title='bbox 1014 2513 1015 2582; x_wconf 79' lang='lat' dir='ltr'>l</span> 
     </span>
     <span class='ocr_line' id='line_1_32' title="bbox 182 2584 1014 2658; baseline 0.012 -16"><span class='ocrx_word' id='word_1_216' title='bbox 182 2601 254 2658; x_wconf 79' lang='lat' dir='ltr'>quae</span> <span class='ocrx_word' id='word_1_217' title='bbox 263 2584 299 2640; x_wconf 82' lang='lat' dir='ltr'>ad</span> <span class='ocrx_word' id='word_1_218' title='bbox 311 2585 362 2640; x_wconf 88' lang='lat' dir='ltr'>hoo</span> <span class='ocrx_word' id='word_1_219' title='bbox 371 2593 481 2655; x_wconf 86' lang='lat' dir='ltr'>tempus</span> <span class='ocrx_word' id='word_1_220' title='bbox 490 2585 650 2658; x_wconf 77' lang='lat' dir='ltr'>lugurtlrem</span> <span class='ocrx_word' id='word_1_221' title='bbox 660 2593 746 2640; x_wconf 88' lang='lat' dir='ltr'>tutata</span> <span class='ocrx_word' id='word_1_222' title='bbox 756 2594 931 2656; x_wconf 87' lang='lat' dir='ltr'>sunt,omnia</span> <span class='ocrx_word' id='word_1_223' title='bbox 940 2611 981 2650; x_wconf 88' lang='lat' dir='ltr'>ra-</span> <span class='ocrx_word' id='word_1_224' title='bbox 1013 2647 1014 2650; x_wconf 72' lang='grc'>,</span> 
     </span>
     <span class='ocr_line' id='line_1_33' title="bbox 184 2659 1014 2734; baseline 0.014 -19"><span class='ocrx_word' id='word_1_225' title='bbox 184 2660 323 2722; x_wconf 79' lang='lat' dir='ltr'>movistis,</span> <span class='ocrx_word' id='word_1_226' title='bbox 342 2659 501 2723; x_wconf 87' lang='lat' dir='ltr'>avaritiam,</span> <span class='ocrx_word' id='word_1_227' title='bbox 516 2659 697 2729; x_wconf 76' lang='lat' dir='ltr'>imperitiam,</span> <span class='ocrx_word' id='word_1_228' title='bbox 721 2661 898 2734; x_wconf 78' lang='lat' dir='ltr'>superbiam.⁸</span> <span class='ocrx_word' id='word_1_229' title='bbox 931 2670 981 2726; x_wconf 88' lang='lat' dir='ltr'>De·</span> <span class='ocrx_word' id='word_1_230' title='bbox 1013 2661 1014 2674; x_wconf 48' lang='lat'>¹</span> 
     </span>
     <span class='ocr_line' id='line_1_34' title="bbox 183 2730 1013 2830; baseline 0.007 -34"><span class='ocrx_word' id='word_1_231' title='bbox 183 2736 249 2808; x_wconf 70' lang='lat' dir='ltr'>inae</span> <span class='ocrx_word' id='word_1_232' title='bbox 268 2731 404 2818; x_wconf 62' lang='lat' dir='ltr'>exereitus</span> <span class='ocrx_word' id='word_1_233' title='bbox 417 2730 458 2798; x_wconf 78' lang='lat' dir='ltr'>ibi</span> <span class='ocrx_word' id='word_1_234' title='bbox 477 2739 520 2798; x_wconf 77' lang='lat' dir='ltr'>eet</span> <span class='ocrx_word' id='word_1_235' title='bbox 537 2731 659 2796; x_wconf 77' lang='lat' dir='ltr'>laceram</span> <span class='ocrx_word' id='word_1_236' title='bbox 678 2733 785 2804; x_wconf 68' lang='lat' dir='ltr'>suem,</span> <span class='ocrx_word' id='word_1_237' title='bbox 809 2740 861 2808; x_wconf 79' lang='lat' dir='ltr'>sed</span> <span class='ocrx_word' id='word_1_238' title='bbox 876 2743 980 2810; x_wconf 62' lang='lat' dir='ltr'>manee</span> <span class='ocrx_word' id='word_1_239' title='bbox 1011 2819 1013 2830; x_wconf 22' lang='lat' dir='ltr'>y</span> 
     </span>
    </p>
   </div>
   <div class='ocr_carea' id='block_1_5' title="bbox 0 0 1040 3036">
    <p class='ocr_par' dir='ltr' id='par_1_5' title="bbox 0 0 1040 3036">
     <span class='ocr_line' id='line_1_35' title="bbox 0 0 1040 3036; baseline 0 4"><span class='ocrx_word' id='word_1_240' title='bbox 0 0 1040 3036; x_wconf 95' lang='lat' dir='ltr'> </span> 
     </span>
    </p>
   </div>
  </div>
 </body>
</html>
