2070 3036
249 211 537 260 ruounrrrmuu.
559 214 637 262 osa.
657 216 693 263 ea.
710 215 746 262 sl.
827 207 895 268 'tal

91 329 162 388 gus,
186 312 223 368 'in
243 315 349 370 castelli
369 315 513 388 planitiem
531 317 672 388 pervenit,
705 317 780 389 quod
801 323 895 376 cuncti

91 388 233 445 Numidae
247 391 346 446 intenti
360 391 561 463 praeliantibus
577 391 698 449 aderant.
738 393 895 466 Exploratis

91 465 240 532 omnibus,
252 483 323 540 quae
334 485 398 524 mox
408 469 474 523 usui
484 467 541 524 lore
552 468 683 534 ducebat,
695 467 790 526 eedem
801 488 896 544 regre-

91 539 185 607 ditur,
198 561 251 598 nou
262 553 363 600 temere
371 544 431 609 ,uti
441 544 614 610 escenderat,
625 544 675 600 sed
684 552 791 600 tentans
801 548 895 602 ornain

91 625 122 673 et
131 619 371 692 circumspiciens.
392 620 486 692 Itaque
497 621 614 677 blarium
624 637 741 695 propere
750 620 821 677 adit:
836 631 895 678 acta

91 693 204 761 edocet,
226 696 362 760 bortatur,
384 695 420 750 ab
433 714 464 752 ea
475 706 566 768 parte,
587 715 642 770 qua
653 697 893 770 ipseesceadernt,

90 769 239 827 castellum
258 780 357 828 tentet:
387 772 534 844 pollicetur
549 791 579 828 se
594 773 702 828 itineris
719 774 894 846 periculique

91 847 205 903 ducem.
244 849 348 904 Marius
362 863 426 902 cum
438 847 555 922 Ligure,
575 851 711 921 promissa
726 849 788 906 eius
799 851 896 923 cogui-

89 932 167 988 tum,
189 939 224 978 ex
237 922 431 995 praesentibus
446 925 535 979 misit:
557 941 676 996 quorum
694 924 736 981 uti
756 927 894 997 cuiusque

90 1000 239 1073 ingenium
250 1009 317 1064 erat,
329 1000 366 1055 ita
377 1017 434 1054 rem
446 999 589 1056 difficilem
600 1010 647 1056 aut
658 1000 768 1056 facilem
778 1001 896 1057 nuncia-

91 1092 171 1132 vere.
210 1075 338 1132 Consulis
352 1083 443 1131 tamen
462 1076 571 1131 animus
585 1077 742 1149 paullulum
761 1088 894 1134 arrectus.

89 1153 188 1223 Itaque
202 1169 237 1207 ex
251 1153 331 1224 copia
345 1151 503 1207 tubicinum
522 1161 549 1208 et
568 1154 754 1219 cornicinum,
778 1171 894 1210 numero

91 1229 220 1300 quinque
239 1245 324 1300 quam
341 1226 540 1284 velocissumos
560 1227 677 1304 delegit,
708 1237 817 1286 etcum
837 1231 893 1297 his,

89 1303 233 1378 praesidio
247 1306 297 1376 qui
312 1303 414 1369 forent,
436 1313 565 1377 quattuor
579 1306 767 1372 centuriones,
788 1308 896 1364 omnis·

89 1397 147 1452 que
162 1380 259 1454 biguri
274 1397 371 1452 parere
388 1379 479 1448 iubet,
503 1390 532 1439 et
550 1381 577 1438 ei
596 1383 706 1458 negatio
725 1400 894 1456 proxumum

90 1455 168 1512 diem
181 1457 333 1512 constituit.

147 1531 243 1590 XCIV.
257 1531 314 1588 Sed
324 1531 373 1589 ubi
384 1550 419 1588 ex
428 1541 573 1605 praecepto
582 1541 692 1606 tempus
702 1536 805 1603 visum,
812 1553 893 1608 para-

87 1610 127 1665 tis
138 1609 355 1682 compositisque
364 1607 508 1673 omuibus,
526 1608 561 1663 ad
572 1608 662 1664 locum
672 1611 774 1685 pergit.
814 1611 893 1668 aete-

86 1701 153 1741 rum
163 1684 216 1749 illi,
224 1686 274 1757 qui
285 1686 426 1741 ascensuri
437 1692 523 1748 erant,
530 1684 671 1756 praedocti
682 1686 717 1742 ab
728 1685 809 1753 duce,
817 1705 892 1744 arma

86 1770 273 1832 ornatumque
279 1767 460 1826 mutaverant,
473 1759 562 1832 capite
573 1768 655 1832 atque
665 1761 785 1832 pedibus
796 1764 890 1830 nudis,

87 1839 132 1892 uti
147 1845 309 1909 prospectus
323 1837 458 1910 nisusque
470 1853 521 1910 per
530 1853 597 1892 saxa
612 1835 724 1894 facilius
739 1837 821 1895 foret:
843 1857 893 1896 su·

85 1929 140 1986 per
150 1922 226 1987 terga
235 1912 324 1988 gladii
335 1922 362 1969 et
372 1921 463 1982 scuta;
476 1930 574 1970 verum
585 1930 616 1968 aa
626 1913 789 1980 Numidica,
801 1932 837 1971 ex
845 1934 892 1971 ec-

85 1989 150 2054 riis,
162 1989 294 2062 penderis
303 1990 400 2064 gratia,
411 1989 495 2044 simul
506 1997 533 2044 et
543 1987 643 2046 offensa
654 2007 710 2062 quo
721 1989 811 2048 levius
821 2000 894 2047 stre·

85 2073 197 2139 pereat.
235 2066 325 2140 Igitur
338 2065 534 2140 praegrediens
544 2065 631 2140 Ligus
646 2083 727 2131 saxa,
749 2066 892 2140 etsiquae

86 2149 225 2198 vetustate
235 2141 344 2198 radices
354 2141 527 2207 eminebant,
544 2141 651 2214 laqueis
660 2141 814 2208 vinciebat,
826 2143 893 2216 qui·

86 2217 142 2274 bus
157 2218 269 2274 allevati
283 2217 386 2274 milites
396 2217 507 2273 facilius
518 2217 730 2288 adscenderent3
751 2218 892 2275 interdum

85 2293 203 2350 timidos
218 2292 363 2352 insolentia
379 2294 488 2350 itineris
503 2293 595 2349 levare
610 2311 708 2349 manu:
731 2294 781 2350 ubi
796 2296 892 2368 paullo

87 2372 213 2442 asperior
229 2371 380 2426 adscensus
400 2377 471 2436 erat,
495 2369 621 2443 singulos
640 2387 706 2444 prae
725 2387 755 2426 se
776 2370 890 2427 inermis

86 2447 210 2514 mittere,
232 2445 334 2503 deinde
345 2447 405 2519 ipse
416 2462 481 2501 cum
491 2444 603 2501 illorum
613 2445 697 2502 armis
708 2448 802 2520 sequi:
819 2465 891 2521 quae

86 2521 174 2578 dubia
186 2522 241 2578 nisi
251 2523 426 2588 ridebantur,
441 2521 612 2595 potissumus
621 2531 734 2590 tentare,
742 2526 891 2596 acsaepius

85 2599 183 2655 eadem
195 2597 365 2656 adscendens
379 2596 642 2677 [descendensque],
663 2599 728 2657 dein
742 2603 834 2656 statim
845 2599 891 2656 di-

85 2674 233 2748 grediens,
254 2677 352 2732 aeteris
363 2675 508 2732 audaciam
518 2676 630 2732 addere.
659 2675 805 2751 Igiturdiu
816 2675 891 2732 mul·

85 2759 204 2826 tumque
213 2751 331 2827 fatigati,
338 2753 450 2810 tandem
459 2753 489 2809 ia
499 2754 644 2810 castellum
653 2753 829 2825 perveniunt,
840 2752 857 2798 ν’
