2058 3032
137 227 171 278 tt
287 230 315 276 c.
336 228 392 276 uu.
413 227 619 275 saanusnrr
638 225 792 284 arrasum

138 336 208 400 riue;
237 329 308 386 nihil
323 328 432 386 advos.
471 328 573 384 Verum
594 343 668 382 nunc
686 343 805 401 regnum
825 337 954 385 vostrum

138 405 222 464 armis
240 414 328 464 tenet:
353 422 412 470 ms,
436 419 520 476 quem
534 420 584 458 vos
604 405 799 475 imperatorem
817 404 955 461 Numidis

137 483 287 558 posuistis,
309 481 435 538 clausum
445 478 568 535 obsidet:
590 479 743 553 legatorum
753 479 839 536 verba
851 482 953 553 quanti

139 560 249 624 fecerit,
261 556 385 631 pericula
396 571 457 611 mea
468 553 619 611 declarent.
659 553 733 622 Quid
743 564 786 611 est
794 555 952 630 reliquum,

139 635 193 692 nisi
205 635 249 690 vis
260 641 365 698 vostra,
383 648 438 704 quo
447 633 554 686 moveri
564 628 670 703 possit?
686 631 756 686 Num
770 647 822 706 ego
832 631 953 704 quidem

138 711 255 776 vellem,
278 709 397 772 ethroe,
419 707 607 780 quaescribo,
627 704 725 772 stilla,
746 723 819 780 quse
829 716 911 763 antee
922 708 953 762 in

140 787 244 844 Senatu
254 793 369 858 questus
380 799 453 848 sum,
468 800 539 839 vana
551 782 640 838 latent
649 782 752 854 potius,
767 798 853 855 quam
865 785 954 838 mise-

139 864 180 918 rie
192 876 253 918 mea
265 858 453 936 fidemverbis
463 857 574 914 laceret.
615 856 669 913 Sed
683 858 815 930 quoniam
825 875 858 914 ea
870 867 954 915 uatus

140 956 217 1004 sum,
231 946 263 993 ut
272 935 421 1012 iugurthae
431 935 568 991 scelerum
577 934 697 990 ostentui
707 950 813 998 essem,
828 951 884 989 ncn
895 935 954 990 iam
1024 933 1025 946 ¹

141 1022 256 1071 mortem
268 1029 357 1086 neque
367 1028 527 1075 aerumnas,
541 1008 730 1066 tantummodo
740 1009 849 1065 inimici
860 1012 955 1084 impe-
1022 1057 1023 1066 ,

141 1091 214 1144 rium
229 1097 256 1144 ct
271 1087 410 1144 cruciatus
425 1087 547 1160 corperis
562 1085 704 1158 deprecor.
743 1085 838 1158 Regno
851 1086 956 1142 Numi-

141 1165 214 1231 diae,
227 1163 302 1236 quod
312 1171 437 1219 vostrum
450 1171 505 1228 est,
516 1161 557 1217 uti
568 1160 659 1223 lubet,
672 1159 822 1216 consulite:
836 1179 880 1217 me
891 1179 955 1218 ma·

141 1241 226 1296 nibus
245 1239 342 1313 impiis
361 1238 474 1310 eripite,
494 1254 546 1310 per
563 1238 734 1292 maiestatem
751 1237 878 1308 imperii,
901 1255 955 1310 per

142 1316 280 1370 amicitiae
294 1313 390 1378 fidem,
415 1314 440 1367 si
456 1312 513 1368 ulla
528 1311 603 1384 apud
617 1329 667 1367 vos
682 1313 814 1368 memoria
828 1322 955 1371 remanet

143 1392 188 1447 avi
199 1392 254 1446 mei
265 1389 438 1448 Masinissae.
447 1395 466 1420 ¹⁵

199 1465 287 1524 XXV.
308 1464 356 1520 llis
368 1463 605 1528 luminositatis,
624 1462 714 1530 luere,
737 1464 955 1538 qulexercitum

143 1546 171 1598 in
188 1541 309 1598 Africum
324 1539 491 1595 mittendum
505 1548 662 1604 censerent,
685 1547 712 1595 et
730 1541 954 1613 quamprimum
1023 1585 1024 1598 ,

144 1617 295 1676 Adherbali
310 1615 554 1673 subveniundum:
578 1614 612 1671 de
627 1615 759 1690 iugurtha
779 1616 891 1671 interim
911 1617 954 1672 uti

143 1693 347 1760 consuleretur,
363 1693 496 1766 quoniam
506 1691 604 1766 legatis
618 1709 672 1748 non
681 1692 830 1764 paruisset.
851 1691 908 1748 Sed
918 1691 953 1748 ab

142 1769 245 1827 iisdem
255 1769 313 1826 illis
324 1770 397 1844 regis
414 1767 568 1825 fautoribus
582 1783 691 1822 summa
704 1783 757 1839 ope
771 1767 895 1833 enisum,
919 1785 953 1822 ne

142 1846 198 1901 tale
208 1846 348 1903 decretum
360 1843 446 1900 lieret.
475 1845 514 1900 lte
523 1843 627 1898 bonum
636 1840 796 1914 publicam,
810 1852 841 1899 ut
851 1843 881 1897 in
891 1843 956 1916 ple-

142 1921 239 1994 risque
249 1920 368 1995 negotiis
377 1917 461 1983 solet,
484 1919 591 1990 privata
605 1917 693 1990 gratia
708 1916 860 1975 devictum.
900 1919 955 1974 Le-

143 1992 518 2070 gaaturtamsnindlricam
529 1991 647 2048 maiores
656 2000 736 2058 natu,
753 1992 877 2059 nobiles,
894 2009 955 2049 am·
1023 2007 1024 2028 ¹

143 2073 200 2144 plis
212 2071 363 2130 honoribus
373 2069 433 2136 asi,
453 2070 484 2124 in
498 2070 562 2140 qats
573 2066 628 2122 tuit
641 2069 678 2124 Μ.
690 2067 826 2135 Scaurus,
849 2068 955 2142 dequo
1023 2087 1024 2100 ¹

143 2165 229 2220 supra
248 2145 476 2210 memoravimus,
498 2143 667 2211 consularis,
689 2152 716 2201 et
730 2151 789 2201 tum
804 2145 834 2199 in
849 2144 955 2201 Senatu

143 2225 286 2296 princeps.
325 2223 374 2288 lli,
395 2219 471 2294 quod
481 2220 512 2276 in
521 2219 630 2275 invidia
641 2237 684 2276 res
695 2227 767 2286 erat,
786 2221 870 2277 simul
881 2230 908 2278 et
919 2222 954 2277 ab

143 2298 275 2354 Numidis
286 2297 436 2361 obsecrati,
456 2294 549 2352 triduo
562 2296 656 2352 navim
668 2295 829 2352 ascendere:
851 2296 955 2353 deiude

143 2373 223 2430 brevi
234 2373 342 2430 Uticam
354 2371 479 2445 appulsi,
492 2371 586 2428 literas
601 2372 636 2427 ad
649 2371 810 2445 Iugurtham
824 2373 952 2429 mittunt:

147 2466 257 2522 „quam
273 2450 412 2504 ocissume
428 2447 463 2504 ad
477 2448 651 2520 provinciam
666 2446 790 2516 accedat3
812 2463 899 2520 seque
919 2449 955 2504 ad

146 2542 211 2582 eum
220 2524 254 2580 ab
266 2532 363 2578 senatu
377 2524 488 2579 missos.
497 2530 517 2555 “
557 2524 606 2578 llle
620 2521 670 2578 ubi
686 2523 805 2594 accepit,
826 2523 954 2580 homiues

147 2602 249 2666 claros,
271 2613 390 2671 quorum
406 2598 595 2653 auctoritatem
606 2599 706 2652 Romae
722 2598 825 2669 pollere
837 2598 955 2655 audive-
1022 2603 1023 2638 ἒ

148 2686 199 2745 rat,
210 2683 302 2734 contra
311 2673 453 2742 inceptum
464 2673 677 2727 suumvenisse:
689 2673 779 2743 primo
789 2683 953 2741 commotus,
1022 2665 1023 2680 ¹

148 2764 224 2812 metu
239 2759 319 2826 atque
333 2747 461 2805 lubidine
475 2745 604 2802 diversus
622 2746 788 2818 agitslrutur.
828 2747 956 2806 Timebat
