2070 3036
132 215 163 268 86
284 222 310 266 C.
331 222 386 268 CR.
407 221 612 268 SALLUS'I'II
631 221 785 268 BELLUM

131 323 219 378 veteri
228 323 378 387 exercitui,
395 321 498 377 milites
510 323 646 388 scribere,
662 323 803 395 praesidia
814 324 945 398 undique

131 415 284 456 accersere:
306 417 395 463 arma,
412 397 480 462 tela,
496 414 597 471 equos,
615 407 641 454 et
653 407 743 454 cetera
757 400 944 458 instrumenta

130 475 247 532 militiae
255 489 367 547 parare:
383 473 418 529 ad
428 473 481 529 boc
490 482 675 531 commeatum
685 473 802 531 affatim:
818 475 945 550 denique

129 553 237 617 omnia,
253 567 324 624 quaa
334 551 363 606 lu
374 548 448 606 bello
458 550 536 605 vario
546 559 573 606 et
582 550 733 606 multarum
742 567 836 606 rerum
848 557 944 628 egenti

129 629 195 683 usui
206 642 267 682 esse
277 627 377 682 solent.
417 625 543 682 Cetemm
559 626 595 681 ad
610 643 641 680 ee
652 626 800 698 patranda,
821 627 944 686 Senatus

130 701 304 768 auctoritate,
326 701 395 757 socii
410 717 566 774 nomenque
583 702 711 757 Latinum
725 709 753 757 et
766 719 847 776 reges
868 704 944 762 ultro

129 779 233 836 auxilia
248 779 370 844 mittere,
391 784 530 850 postremo
546 777 636 832 omnis
650 778 749 834 civitas
759 795 870 835 summo
881 790 945 836 stu-

129 855 176 911 dio
187 853 371 912 adnitebatur.
398 854 507 925 ltaque,
523 869 559 908 ex
568 853 704 909 sententia
713 853 844 910 omnibus
856 857 944 913 rebus

128 933 232 1003 paratis
253 929 483 1003 compositisque,
514 928 543 982 in
561 928 723 984 Numidiam
741 929 941 1002 proficiscitur,

129 1024 228 1081 magna
240 1024 289 1079 spe
303 1006 422 1069 civium,
443 1021 530 1076 quum
544 1013 656 1076 propter
670 1005 757 1061 bonas
772 1014 858 1073 artes,
880 1016 942 1063 tum

129 1099 272 1148 maxume,
293 1079 368 1153 quod
383 1079 530 1136 adversum
542 1079 656 1136 divitias
666 1081 803 1136 invictum
814 1083 944 1138 animum

128 1158 255 1232 gerebat,
276 1165 303 1212 et
318 1155 432 1211 avaritia
448 1155 660 1230 magistratuum
675 1164 737 1212 ante
748 1155 779 1211 id
788 1165 900 1230 tempus
909 1161 944 1215 in

128 1233 260 1289 Numidia
275 1238 384 1287 nostrae
397 1247 464 1303 opes
480 1238 623 1294 contusae,
650 1231 827 1304 hostiumque
842 1244 944 1291 auctae

129 1317 217 1366 arant.

185 1383 279 1441 XLlV.
295 1379 351 1437 Sed
360 1381 410 1436 ubi
420 1382 450 1437 in
462 1379 584 1436 Africam
595 1382 680 1448 venit,
695 1384 836 1440 exercitus
845 1386 872 1440 ei
883 1395 944 1442 tra-

128 1462 203 1516 ditur
217 1459 266 1532 Sp.
277 1457 372 1514 Albini
386 1457 562 1514 Proconsulis
577 1456 667 1522 iners,
688 1459 826 1526 imbellis,
847 1477 943 1534 neque

128 1536 247 1609 periculi
262 1551 354 1608 neque
370 1533 473 1590 laboris
488 1533 611 1607 patiens,
639 1533 734 1610 lingua
753 1552 837 1608 quam
853 1553 942 1593 manu

127 1613 269 1685 promtior,
281 1611 427 1686 praedator
437 1629 473 1667 ex
482 1611 575 1675 sociis,
586 1618 613 1666 et
621 1610 683 1682 ipse
691 1611 793 1683 praeda
803 1611 940 1679 bostium,

127 1690 188 1745 sina
206 1689 325 1762 imperio
344 1697 371 1744 et
391 1688 526 1744 modestia
547 1685 670 1742 habitus.
719 1687 758 1744 lta
777 1688 941 1760 imperatori

126 1781 199 1821 novo
213 1767 279 1838 plus
294 1781 330 1820 ex
344 1764 425 1820 malis
437 1763 560 1819 moribus
570 1760 783 1828 sollicitudinis,
804 1779 888 1835 quam
904 1781 943 1823 ex

126 1841 207 1910 copia
217 1841 339 1897 militum
349 1839 449 1894 auxilii
460 1847 507 1894 aut
516 1836 577 1909 spei
586 1836 675 1892 bonae
686 1838 844 1894 secedebat.
875 1839 943 1896 Sta-
1022 1899 1023 1916 χ

125 1915 180 1970 tuit
190 1924 282 1971 tamen
291 1914 427 1979 Metellus,
439 1927 607 1984 quamquam
614 1920 640 1966 et
651 1915 817 1971 aestivorum
828 1923 941 1987 tempus

127 1991 302 2047 comitiorum
312 2007 387 2046 mora
397 1989 587 2050 imminuerat,
599 1994 626 2042 et
636 1990 842 2062 exspectatione
851 2007 942 2048 evan-

111 2057 117 2066 “
127 2075 171 2120 tus
183 2067 289 2123 civium
300 2066 407 2121 animos
418 2065 537 2118 intentos
547 2061 672 2133 putabat,
680 2081 733 2120 non
740 2066 820 2137 prius
830 2066 940 2122 bellum

126 2141 276 2214 attingere,
296 2158 380 2214 quam
390 2139 527 2194 maiorum
536 2137 688 2211 disciplina
698 2141 802 2196 milites
812 2141 942 2200 laborare

126 2231 174 2270 coe
195 2217 273 2272 isset.
313 2218 383 2272 Nam
397 2214 531 2278 Albinus,
551 2213 616 2270 Auli
635 2215 728 2272 fratris
741 2217 940 2290 exercitusque

125 2232 205 2346 stage
225 2292 385 2363 perculsus,
416 2298 564 2362 postquam
587 2289 746 2347 decreverat
766 2309 820 2349 non
839 2294 939 2367 egredi

127 2367 284 2439 provincia,
305 2374 440 2439 quantum
455 2366 588 2437 temporis
602 2367 768 2422 aestivorum
780 2369 808 2423 in
819 2369 941 2442 imperio

128 2441 193 2507 fuit,
210 2444 376 2515 plerumque
386 2441 491 2497 milites
501 2443 611 2498 stativis
622 2443 720 2496 castris
730 2442 864 2509 babebat,
880 2447 940 2503 nisi

126 2533 214 2592 quum
227 2517 296 2574 odos
311 2526 358 2572 aut
370 2516 468 2589 pabuli
480 2525 588 2590 egestas
599 2517 690 2573 locum
700 2526 806 2574 mutare
815 2519 941 2595 subege-

128 2605 178 2654 rat.
199 2594 254 2651 Sed
265 2609 354 2665 neque
365 2591 563 2648 muniebantur
573 2607 618 2654 aa,
635 2607 725 2662 neque
735 2609 810 2649 more
819 2597 940 2654 militari

128 2665 473 2748 vigilisadeduoebuntur3
491 2665 533 2721 uti
543 2667 645 2736 cuique
655 2665 782 2732 lubebat,
799 2669 939 2744 abaignia

130 2749 231 2806 aberat.
271 2746 354 2803 Lixus
367 2740 498 2817 permixti
514 2756 576 2794 0¹¹¹*
591 2739 786 2798 m=1:⁴=t·.„g,0
796 2755 940 2820 noctuque
