2058 3032
222 235 512 282 IUGURTHINUM.
534 236 613 282 CAP.
632 237 667 282 23.
687 233 721 284 ll.
843 229 876 281 69

67 345 123 403 est,
146 353 237 408 neque
252 344 364 409 propter
375 336 428 392 loci
439 344 563 391 naturam
580 335 681 391 Cirtam
693 338 776 392 armis
787 353 877 409 expu-

66 431 153 488 gnare
168 421 270 484 potest;
297 413 372 467 vallo
391 421 472 486 atque
493 409 565 466 fossa
585 414 691 467 moenia
712 412 875 478 circumdat,

66 489 154 545 turris
174 488 293 544 exstruit
311 504 414 559 easque
434 485 583 559 praesidiis
602 486 704 542 firmat:
736 497 877 560 praeterea

66 566 130 622 dies
144 572 295 635 noctesque
306 570 353 618 aut
363 564 481 634 pervim
492 572 539 617 aut
552 562 623 617 dolis
639 570 757 632 tentare;
779 562 878 618 delen-

66 640 181 696 soribus
195 639 335 694 moenium
349 640 472 710 praemia
487 637 583 704 modo,
604 638 686 694 modo
699 639 877 694 formidinem

65 723 219 782 ostentare,
241 730 306 769 suos
316 715 450 770 hortando
461 713 495 769 ad
507 715 638 769 virtutem
648 715 781 788 arrigere:
799 731 878 785 pror-

65 809 116 847 sus
126 793 357 867 intentusounota
369 807 475 862 parare.
497 788 651 855 Adherbal,
668 789 717 844 ubi
729 789 876 864 intellegit,

65 867 160 922 omnis
175 883 240 920 suas
256 864 379 921 fortunas
392 866 422 920 in
438 873 559 924 extremo
574 866 655 930 sitas,
680 865 786 920 hostem
806 865 880 920 inle-

66 952 159 1005 stum,
179 941 278 996 auxilii
289 958 368 1012 spem
378 941 498 1004 nullam,
520 942 636 1012 penuria
647 958 739 996 rerum
751 957 879 996 necessa-

66 1019 175 1074 riarum
185 1016 290 1072 bellum
305 1015 377 1071 trahi
387 1033 441 1072 non
452 1032 545 1088 posse;
566 1033 603 1070 ex
612 1016 671 1082 his,
692 1017 741 1089 qui
753 1034 807 1072 una
819 1015 879 1072 Cir·

66 1105 124 1150 tam
136 1090 328 1165 profugerant,
341 1090 410 1147 duos
420 1108 550 1148 maxume
560 1091 694 1166 impigros
704 1092 821 1166 delegit,
833 1109 879 1147 eos

67 1168 157 1225 multa
173 1167 331 1239 pollicendo
347 1185 379 1222 ao
393 1167 551 1222 miserando
566 1184 661 1222 casnm
677 1185 759 1223 suum
780 1167 881 1224 confir-

67 1255 142 1307 mat,
154 1245 195 1299 uti
206 1261 256 1315 per
265 1243 387 1299 hostium
397 1243 565 1298 munitiones
577 1253 658 1300 nootu
668 1243 703 1299 ad
712 1261 879 1317 proxumum

68 1338 162 1384 mare,
176 1319 241 1374 dein
253 1321 366 1374 Romam
375 1326 532 1393 pergerent.

126 1396 228 1452 XXIV.
247 1393 384 1450 Numidae
401 1395 499 1467 paneis
518 1393 619 1450 diebus
640 1396 715 1452 iussa
738 1393 877 1464 efficiunt3

69 1474 169 1529 literae
179 1470 345 1526 Adherbalis
360 1472 389 1525 in
404 1470 506 1526 Senatu
524 1471 667 1537 recitatae,
688 1488 806 1543 quarum
817 1487 882 1526 sen-

69 1549 157 1604 tentia
170 1547 237 1601 haee
248 1547 315 1601 luit:

131 1624 218 1688 „Non
234 1639 292 1678 mea
309 1622 392 1694 eulpa
401 1638 484 1694 saepe
493 1622 527 1677 ad
538 1639 587 1677 vos
598 1629 705 1676 oratum
717 1622 809 1687 mitto,
830 1622 884 1676 Pa-

70 1711 128 1756 tres
140 1700 304 1770 conscripti3
320 1697 371 1753 sed
381 1698 424 1753 vis
434 1696 585 1772 Iugurthae
595 1696 716 1770 subigit,
727 1713 811 1769 quem
821 1705 884 1752 tan-

70 1787 98 1831 ta
110 1773 211 1831 lubido
221 1772 417 1848 exstinguendi
429 1791 473 1828 me
483 1773 600 1837 invasit,
620 1773 662 1827 uti
672 1789 763 1844 neque
774 1789 823 1828 vos
834 1790 884 1827 ne-

71 1867 129 1925 que
149 1849 216 1906 deos
236 1849 400 1905 immortalis
420 1851 449 1904 in
470 1851 561 1904 animo
581 1847 694 1917 habeat3
719 1848 884 1922 sanguinem

72 1942 179 1990 meum,
192 1941 276 1998 quam
286 1926 483 1989 omnia,malit.
497 1927 592 1998 ltaque
602 1925 732 1996 quintum
742 1925 797 1978 iam
807 1941 886 1979 men-

73 2019 149 2066 sem,
171 2001 264 2056 socius
280 2009 306 2056 et
320 2002 426 2056 amicus
435 2000 533 2074 populi
541 2001 672 2065 Romani,
694 2001 779 2055 armis
789 1999 887 2055 obses-

74 2095 125 2134 sus
134 2083 242 2134 teneor:
260 2093 349 2148 neque
360 2077 430 2132 mihi
441 2076 573 2148 Micipsae
587 2076 674 2148 patris
685 2077 740 2130 mei
752 2074 886 2132 beneficia

76 2160 265 2225 nequevostra
275 2152 382 2208 decreta
394 2153 577 2208 auxiliantur:
585 2151 657 2208 lerro
667 2169 702 2206 an
712 2151 784 2207 fame
795 2152 886 2207 aerius

76 2247 110 2284 ur
131 2246 192 2292 ear,
215 2229 337 2283 incertus
351 2245 424 2282 sum.
464 2228 546 2284 Plura
564 2228 599 2283 de
613 2227 745 2302 Iugurtha
765 2228 887 2284 seribere

77 2245 240 2361 dehortatur
253 2320 297 2358 me
313 2302 420 2359 fortuna
435 2320 510 2358 mea:
536 2313 563 2358 et
581 2303 637 2358 iam
656 2310 735 2358 antea
756 2314 887 2377 expertus

78 2397 155 2445 sum,
172 2397 270 2452 parum
280 2379 346 2434 lidei
357 2379 468 2433 miseris
479 2396 553 2435 esse:
575 2380 630 2434 nisi
642 2387 734 2434 tamen
745 2380 886 2455 intellego,

78 2457 160 2512 illum
172 2472 256 2527 supra
267 2471 351 2526 quam
360 2471 412 2528 ego
422 2471 485 2509 sum
495 2464 602 2527 petere,
624 2471 713 2527 neque
724 2456 808 2511 simul
819 2456 889 2512 ami-

80 2533 173 2588 citiam
194 2539 314 2586 vostram
333 2539 360 2585 et
379 2545 496 2602 regnum
516 2547 609 2585 meum
631 2547 752 2603 sperare.
791 2532 889 2587 Utrum

80 2607 195 2680 gravius
205 2606 368 2670 existumet,
391 2604 497 2659 nemini
510 2607 649 2661 oecultum
663 2615 714 2662 est.
754 2609 823 2663 Nam
835 2606 890 2661 ini-

82 2685 119 2739 tio
128 2682 232 2739 oceidit
241 2681 429 2753 Hiempsalem
440 2679 551 2736 fratrem
562 2699 669 2738 meum:
690 2683 791 2739 deinde
800 2681 890 2754 patrio

82 2773 167 2832 regno
181 2775 226 2813 me
241 2758 360 2829 expulit.
399 2754 475 2822 Quae
489 2774 556 2812 sane
570 2757 674 2814 tuerint
693 2765 801 2813 nostrae
816 2757 854 2813 irr'
