2058 3032
163 202 193 252 id
368 208 395 253 C.
415 207 542 253 CRISPI
562 205 769 253 SALLUSTII

161 307 228 373 stin,
240 305 273 372 Q.
286 306 401 363 Curius:
421 315 563 378 praeterea
573 325 609 363 ex
618 307 740 380 equestri
751 304 847 362 ordine
858 307 896 360 Μ.
911 307 984 362 Ful-

162 383 224 436 vius
239 382 379 448 Nobilior,
400 382 432 437 L.
447 381 588 448 Statilius,
609 385 640 437 P.
655 383 793 439 Gabinius
808 380 922 453 Capito,
946 381 981 437 C.

160 455 318 513 Cornelius:
346 457 381 514 ad
400 456 452 512 hoc
467 459 549 514 multi
568 475 604 514 ex
618 458 734 514 coloniis
755 466 781 513 et
799 456 981 528 municipiis,

161 531 236 587 domi
257 533 375 589 nobiles.
426 533 510 589 Erant
534 543 675 607 praeterea
699 533 855 607 complures
880 531 982 604 paullo

121 613 123 617 ’
160 608 297 665 occultius
317 608 426 664 consilii
448 609 565 668 huiusce
585 610 735 684 participes
755 609 878 674 nobiles,
904 623 982 680 quos

160 685 250 759 magis
271 685 467 740 dominationis
486 702 551 758 spes
571 685 745 750 hortabatur,
775 701 860 757 quam
879 684 981 756 inopia

161 768 208 817 aut
227 761 280 816 alia
301 759 486 816 necessitudo.
531 761 659 818 Ceterum
679 762 810 818 iuventus
829 760 977 833 pleraque,

160 834 209 893 sed
229 854 359 893 maxume
377 836 528 902 nobilium,
557 837 691 895 Catilinae
710 837 829 909 inceptis
848 836 976 904 favebat;

140 969 142 974 ,
160 913 265 985 quibus
279 914 309 968 in
323 914 378 969 ctio
389 913 432 969 vel
444 912 592 986 magnifice
602 914 648 969 vel
658 913 779 969 molliter
789 913 884 968 vivere
895 913 977 983 copia

160 997 231 1055 erat,
247 990 350 1045 incerta
362 1006 411 1062 pro
421 989 519 1054 certis,
535 988 656 1056 bellum,
671 1005 754 1062 quam
765 1005 876 1061 paoem,
888 987 979 1044 male-

158 1064 236 1120 bant.
276 1065 363 1120 Fuere
377 1066 444 1120 item
459 1082 491 1121 ea
506 1072 682 1138 tempestate,
698 1065 748 1137 qui
763 1063 921 1128 crederent,
938 1065 976 1120 M.

159 1139 300 1195 Licinium
311 1139 441 1196 Crassum
455 1158 509 1197 non
524 1141 654 1216 ignarum
669 1141 733 1211 eius,
745 1141 856 1196 consilii
870 1139 973 1208 luisse3

159 1216 225 1288 quia
236 1215 286 1272 Cn.
296 1217 457 1288 Pompeius,
473 1217 583 1273 invisus
595 1219 664 1290 ipsi,
677 1233 809 1290 magnum
820 1216 974 1271 exercitum

160 1290 304 1356 ductabat,
327 1292 453 1348 cuiusvis
468 1309 534 1365 opes
548 1295 672 1350 voluisse
683 1300 777 1349 contra
787 1291 865 1347 illius
876 1300 975 1363 poten-

159 1368 226 1422 tiam
237 1383 373 1435 crescere3
397 1369 480 1424 simul
492 1369 640 1434 confisum,
663 1370 688 1425 si
704 1369 857 1426 coniuratio
866 1367 974 1424 valuis-

159 1452 214 1510 set,
229 1443 310 1498 facile
320 1442 395 1516 apud
406 1444 470 1506 illos
481 1462 510 1500 se
521 1447 677 1518 principem
689 1444 757 1501 fore.

215 1519 311 1576 XVlll.
333 1518 390 1575 Sed
405 1528 483 1576 antea
498 1521 564 1576 item
578 1522 758 1577 coniuravere
776 1519 860 1592 pauci
879 1528 971 1575 contra

159 1594 375 1669 rempublicam,
392 1599 422 1651 in
432 1597 536 1668 quibus
547 1597 665 1654 Catilina
675 1597 741 1652 tuit:
758 1595 873 1668 dequo,
889 1611 971 1668 quam

159 1674 314 1729 verissume
326 1682 431 1746 potero,
444 1673 545 1728 dicam.
586 1675 616 1729 L.
630 1674 724 1738 Tullo,
737 1674 774 1728 Μ.
786 1671 890 1744 Lepido
901 1671 971 1732 Con:

159 1749 279 1814 sulibus,
296 1750 327 1804 P.
340 1749 490 1810 Autronius
500 1759 527 1804 et
537 1748 567 1804 P.
580 1749 667 1813 Sulla,
683 1748 821 1820 designati
832 1748 969 1812 consules,

160 1824 270 1898 legibus
291 1825 412 1881 ambitus
426 1824 587 1896 interrogati
606 1840 709 1896 poenas
727 1821 870 1879 dederent.
909 1823 972 1878 Post

158 1901 254 1972 paullo
264 1901 391 1964 Catilina,
403 1900 584 1972 pecuniarum
595 1897 809 1971 repetundarum
819 1917 893 1964 reus,
908 1915 972 1972 pro·

159 1974 267 2032 hibitus
286 1985 343 2032 erat
360 1984 453 2047 petere
473 1974 661 2040 consulatum,
692 1973 767 2047 quod
786 1975 858 2030 intra
880 1975 972 2049 legiti-

159 2068 218 2111 mos
234 2051 295 2106 dies
310 2051 431 2124 profiteri
446 2051 619 2122 nequiverat.
659 2052 724 2106 Erat
737 2049 833 2107 eodem
848 2059 970 2122 tempore

160 2125 210 2182 Cn.
237 2127 313 2190 Piso,
345 2127 507 2182 adulescens
531 2125 647 2192 nobilis,
679 2143 804 2183 summae
827 2126 967 2192 audaciae,

160 2218 259 2274 egens,
276 2201 422 2269 factiosus,
438 2219 522 2274 quem
537 2202 572 2257 ad
587 2201 803 2274 perturbandam
816 2203 969 2275 rempubli-

159 2294 220 2332 cam
231 2278 325 2349 inopia
336 2285 418 2350 atque
429 2279 494 2333 mali
506 2293 595 2332 mores
608 2278 798 2334 stimulabant.
838 2278 907 2335 Cum
918 2279 968 2334 hoc

80 2411 84 2418 ,
160 2351 278 2410 Catilina
293 2361 321 2408 et
333 2353 484 2409 Autronius
497 2354 608 2409 circiter
621 2356 713 2411 Nonas
728 2354 886 2410 Decembris
903 2371 967 2411 con-

160 2429 224 2486 silio
243 2429 457 2494 communicato,
483 2429 617 2502 parebant
635 2432 664 2485 in
684 2430 818 2502 Capitolio
838 2431 966 2486 Kalendis

160 2507 294 2562 Ianuariis
308 2507 337 2561 L.
346 2505 450 2562 Cottam
466 2514 493 2561 et
506 2507 538 2562 L.
553 2506 721 2580 Torquatum
736 2505 868 2561 Consules
884 2507 966 2562 inter-

163 2582 256 2652 licere;
278 2581 332 2656 ipsi
348 2579 469 2636 fascibus
481 2583 629 2653 correptis,
649 2582 778 2636 Pisonem
788 2598 852 2637 cum
863 2582 965 2637 exerci-

163 2671 193 2715 tu
218 2659 253 2716 ad
275 2655 437 2715 obtinendas
461 2654 531 2711 duas
550 2657 696 2728 Hispanias
716 2657 833 2712 mittere.
880 2657 917 2714 Ea
936 2674 963 2712 re

164 2740 286 2812 cognita,
307 2749 400 2792 rursus
414 2731 444 2786 in
458 2731 549 2787 Nonas
563 2731 727 2788 Februarias
742 2732 889 2787 consilium
904 2751 962 2788 cae·
