2070 3036
232 191 523 240 IUGU'RTHruuu.
544 191 623 240 CAP.
639 195 746 242 36-38.
862 193 892 242 Sl

75 292 141 348 dies
153 291 335 362 adventabat;
358 292 491 358 Albinus,
514 293 585 350 rlulo
596 292 678 349 fratre
689 296 718 350 in
731 297 828 352 eastris
843 314 893 369 pro

74 369 207 424 Praetore
218 369 328 432 relicto,
338 369 451 424 Romam
463 370 593 426 decessit.

5 509 6 520 χ
46 447 49 454 ’
136 444 278 502 XXXVll.
299 445 338 499 Ea
351 453 513 517 tempestate
527 447 630 501 Itomae
645 445 832 504 seditionibus
843 450 893 502 tri-

5 545 6 560 ι
75 521 204 575 hunieiis
220 521 347 576 atrociter
365 522 523 592 respublica
538 522 703 595 agitabatur.
742 523 774 578 P.
789 525 892 578 Lueul-

5 601 6 664 l
74 597 122 650 lus
134 605 163 651 et
172 597 204 650 L.
215 595 337 660 Annius,
359 597 464 652 tribuni
475 598 580 670 plebis,
602 598 796 655 resistentibus
807 599 892 654 eolle-

5 693 6 698 1
74 672 136 745 gis,
160 673 321 728 continuare
336 673 527 746 magistratum
543 673 714 729 nitebantur:
742 691 814 746 quae
833 675 891 730 dis-

74 749 174 804 sensio
188 749 273 803 totius
286 749 351 804 anui
367 749 477 804 comitia
493 749 674 821 impediebat.
714 751 752 804 Ea
771 767 846 806 mora
862 752 890 806 in

74 841 157 896 spem
174 823 311 880 adductus
325 823 428 889 Aulus,
449 841 533 898 quem
547 842 597 896 pro
610 827 736 880 Praetore
751 827 779 880 in
794 828 891 882 castris

57 900 206 955 meliorum
218 917 302 972 supra
313 899 451 965 diximus,
463 909 510 957 aut
520 900 688 956 oouhoiundi
699 900 767 956 balli
779 910 827 958 aut
836 911 891 958 ter-

74 993 138 1032 rore
154 977 293 1031 exereitus
308 976 342 1031 ab
358 994 423 1050 rege
442 977 577 1048 pecuniae
593 977 761 1050 capiundae,
787 977 891 1034 milites

73 1069 174 1108 meuse
184 1053 311 1108 Ianuario
326 1069 361 1108 ex
376 1053 502 1108 hibernis
518 1054 547 1107 in
562 1053 768 1126 expeditionem
779 1065 888 1122 evooat;

74 1128 244 1202 magnisque
254 1128 415 1192 itineribus,
428 1127 520 1183 hieme
531 1146 641 1200 aspera,
655 1130 785 1201 pervenit
796 1130 830 1185 ad
840 1148 890 1202 op·

72 1205 175 1277 pidum
189 1203 303 1266 Suthul,
315 1205 363 1258 ubi
376 1207 450 1278 regis
460 1205 582 1260 thesauri
595 1214 682 1262 erant.
704 1205 783 1273 Quod
791 1223 890 1279 quaru-

73 1297 161 1352 quam
176 1289 203 1335 et
212 1281 328 1336 saevitia
345 1283 490 1352 temporis,
511 1291 538 1336 et
552 1282 757 1353 opportunitate
772 1281 826 1337 looi
842 1301 890 1339 ne-

73 1373 132 1429 que
151 1355 212 1428 oapi
233 1373 324 1428 neque
341 1356 463 1413 obsideri
485 1365 590 1429 potarat
608 1359 682 1430 (nam
701 1361 807 1414 oiroum
828 1376 890 1414 mu·

75 1450 153 1496 rum,
165 1433 249 1486 situm
261 1432 290 1486 in
302 1434 443 1504 praerupti
455 1434 557 1490 montis
568 1434 843 1507 extremo,planities
854 1435 889 1491 li-

74 1525 153 1565 mosa
170 1508 339 1564 hiemalibus
350 1511 431 1582 aquis
442 1509 573 1582 paludem
589 1508 713 1584 iecerat),
735 1519 827 1568 tamen
842 1521 889 1567 aut

72 1584 340 1660 simulandigratia,
361 1601 417 1657 quo
432 1586 491 1660 regi
507 1585 684 1641 formidinem
694 1584 821 1650 adderet,
843 1595 889 1642 aut

72 1661 210 1735 cupidine
221 1677 320 1716 oaeous
331 1661 366 1717 ob
376 1663 521 1718 thesauros
529 1660 627 1733 oppidi
637 1661 780 1734 potiundi,
793 1664 888 1718 vineas

72 1755 171 1812 agere,
194 1753 323 1811 aggerem
339 1738 441 1802 iaoere,
466 1738 590 1809 aliaque,
610 1753 683 1810 quae
698 1737 808 1810 inoapto
823 1739 887 1794 usui

74 1815 178 1878 iurent,
193 1830 350 1886 properare.

132 1890 284 1947 xxxvul.
311 1889 345 1944 ht
363 1889 510 1964 Iugurtha,
536 1889 645 1964 cognita
664 1892 786 1945 vanitate
806 1899 888 1963 atque

72 1965 216 2040 imperitia
234 1965 332 2040 legati,
363 1965 499 2022 subdolus
520 1966 581 2020 eius
601 1982 703 2040 augere
723 1967 885 2022 amentiam:

72 2043 214 2098 missitare
226 2041 412 2114 supplicantis
426 2042 546 2116 legatos:
568 2042 642 2114 ipse,
663 2041 744 2114 quasi
756 2042 888 2098 vitabun-

72 2121 142 2183 dus,
163 2135 212 2189 per
222 2118 343 2173 saltuosa
355 2118 413 2173 loca
424 2125 451 2174 at
461 2119 585 2174 tramites
596 2117 749 2173 exereitum
761 2117 886 2176 ductare.

74 2195 199 2266 Denique
214 2193 317 2250 Aulum
333 2211 383 2266 spe
398 2194 535 2265 pactionis
554 2193 691 2266 perpulit,
712 2193 766 2258 uti,
791 2195 888 2252 relicto

73 2270 145 2329 Sutl
147 2269 207 2334 ule
228 2271 257 2324 in
274 2269 382 2326 abditas
397 2271 525 2344 regiones
537 2287 612 2334 sese,
634 2268 722 2325 voluti
734 2269 887 2337 cedentem,

72 2351 282 2419 insequeretur3
299 2347 338 2402 ite
347 2346 447 2402 delicta
458 2347 608 2402 oeoultiora
620 2343 689 2401 iore
722 2345 828 2404 luteres
839 2366 889 2421 per

73 2423 202 2481 homines
221 2422 338 2478 callidos
357 2423 405 2478 die
420 2430 558 2494 noctuque
577 2421 730 2478 exereitum
750 2425 885 2480 tentabat:

72 2499 249 2557 centuriones
259 2498 402 2571 duoesque
411 2506 575 2563 turmarum
591 2498 701 2569 partim,
712 2499 754 2554 uti
765 2499 889 2557 transiu-

72 2583 183 2652 gerent,
204 2591 393 2647 eorrumpere;
416 2575 502 2629 alii'
480 2591 561 2648 signo
576 2573 639 2630 dato
651 2574 743 2630 looum
755 2578 794 2632 uti
807 2575 888 2631 dese-

73 2659 175 2710 terent
215 2649 291 2718 Quae
310 2659 457 2723 postquam
478 2666 513 2706 ex
533 2650 669 2706 sententia
689 2652 816 2714 instruit,
843 2653 886 2705 in·

73 2733 208 2800 tempesta
225 2733 306 2781 noete
327 2725 388 2782 de
380 2726 533 2800 improviso
551 2725 732 2784 multitudine
751 2727 887 2782 Numida·

131 2803 277 2858 Sattusr.
699 2802 720 2858 F
