2058 3032
147 191 164 245 2
354 197 380 240 0.
401 194 529 242 cursat
550 191 755 240 ssnnusru

202 297 237 352 ll.
257 296 346 370 Igitur
364 295 446 352 initio
464 311 543 368 reges
558 293 632 370 (nam
647 293 676 350 in
691 293 771 349 terrie
786 309 886 348 nomen
904 291 958 346 im-

148 372 219 446 perii
235 371 265 426 id
280 373 402 446 primum
416 370 480 446 fuit)
498 370 617 436 diversi,
643 386 708 442 pars
728 369 886 443 ingenium,
909 369 955 424 alii

148 465 249 522 eorpus
265 447 441 503 exercebant.
479 446 571 502 Etiam
588 454 647 501 tum
664 445 722 500 vita
737 443 882 500 bominum
898 443 957 498 sine

147 521 301 598 eupiditate
320 522 489 598 agitabatur-3
521 538 571 576 sua
590 521 693 591 001000
714 523 782 575 satis
801 519 954 592 placebant.

146 600 242 655 Postea
261 616 327 654 vero
345 613 429 669 qnam
449 597 479 651 in
493 595 559 652 Asia
573 595 676 670 Cyrus,
698 595 726 650 in
742 595 856 651 Graecia
873 595 957 649 Lace-

148 674 286 730 daemonii
302 681 330 729 et
343 672 527 729 Athenienses
542 687 657 744 coepere
669 671 754 726 urbes
768 678 850 742 atque
869 671 958 726 natio-

147 767 197 806 nes
217 749 362 823 subigere,
391 747 547 804 lubidinem
567 746 730 803 dominandi
748 762 875 802 caussam
890 745 957 801 belli

147 825 264 890 babere,
286 841 445 880 maxumam
459 824 575 898 gloriam
589 824 619 878 in
629 838 759 878 maxumo
772 821 890 893 imperio
905 839 957 893 pu-

147 911 218 957 tare:
239 910 297 956 tum
309 900 421 955 demum
431 899 556 972 periculo
565 907 648 970 01000
657 895 776 972 negotiis
787 906 957 971 compertum

146 986 202 1043 eat,
219 978 249 1031 10
259 975 333 1031 10110
343 975 498 1049 plurimum
507 975 653 1049 ingenium
663 991 755 1047 posse.

203 1052 309 1119 Quodsi
324 1068 422 1125 regum
432 1060 515 1124 atque
525 1051 720 1123 imperatorum
732 1049 818 1105 animi
828 1048 918 1104 virtus
928 1049 957 1103 in

147 1145 215 1200 pace
226 1128 278 1194 ita,
291 1127 331 1182 uti
342 1127 370 1180 10
382 1125 470 1192 10110,
482 1125 601 1191 valeret,
614 1125 790 1197 aequabilius
801 1133 883 1196 atque
892 1115 958 1179 don-

148 1204 266 1258 stantius
277 1219 338 1258 sese
347 1219 391 1257 res
402 1202 539 1258 humanae
553 1201 696 1266 baberent,
715 1217 806 1273 neque
815 1199 893 1256 aliud
903 1201 957 1256 alio

149 1277 228 1343 ferri,
241 1293 332 1350 nequo
341 1278 443 1333 mutari
454 1294 486 1332 ae
495 1276 607 1332 misoeri
617 1277 709 1332 onmia
721 1283 858 1332 oerberes.
888 1277 957 1331 Nam

147 1354 296 1426 imperium
312 1351 393 1409 facile
408 1352 453 1407 bis
468 1352 574 1408 artibus
588 1352 736 1417 retinetur,
758 1351 862 1424 quibus
877 1352 957 1409 initio

146 1436 257 1502 parturn
266 1437 317 1484 ost.
357 1429 460 1484 Verum
470 1429 520 1484 ubi
531 1445 580 1501 pro
590 1427 683 1484 labore
694 1427 816 1496 desidia,
832 1444 883 1501 pro
892 1444 953 1484 000-

146 1505 264 1562 tinentia
277 1511 305 1559 ot
319 1505 457 1576 aequitate
471 1503 570 1561 lubido
583 1512 665 1578 atque
674 1503 807 1577 superbia
817 1506 955 1570 invasere,

147 1581 255 1637 fortuna
271 1580 355 1636 simul
373 1597 437 1636 oum
457 1581 584 1638 moribus
599 1581 791 1637 immutatur&
810 1581 849 1636 lta
867 1580 959 1653 impe-

147 1659 349 1787 riumfsemper
366 1657 401 1711 ad
421 1666 565 1731 optumum
585 1671 725 1730 qrremque
743 1657 866 1713 eminus
886 1656 958 1713 bono

147 1740 223 1788 trans
236 1739 321 1788 ottus.

203 1806 416 1873 Quaehotninos
426 1815 516 1872 arant,
532 1807 679 1880 navigant,
695 1805 855 1872 aedificant,
867 1808 959 1865 virtu·

146 1882 274 1938 tiomnia
287 1890 394 1955 parent.
433 1881 489 1937 Sed
503 1882 583 1937 multi
598 1881 740 1945 mortales,
764 1882 852 1937 dediti
866 1885 958 1940 ventri

146 1961 348 2027 0100οε01000,
369 1954 474 2013 indocti
489 1957 644 2028 incultique
657 1956 758 2021 vitatu,
779 1957 861 2014 sionti
876 1969 961 2031 peie-

146 2034 301 2106 gtlttuntos,
323 2031 470 2088 transiere:
499 2032 604 2105 quibus
622 2032 745 2105 pmfonto
762 2041 855 2090 eontra
875 2045 961 2092 natu-

146 2107 476 2181 rudt’ottrpusvoluptati,
499 2108 590 2163 anima
599 2109 678 2165 oneri
688 2107 752 2166 fuit.
790 2109 893 2166 Eorum
905 2127 959 2184 ego

148 2185 235 2240 uittbt'·
247 2191 419 2256 mortemque
433 2183 512 2240 iuxta
526 2191 663 2251 aestumo,
684 2185 866 2258 quoniam‘de
879 2195 961 2244 utra-

146 2275 201 2333 quo
211 2259 320 2314 siletur.
352 2260 456 2316 Verum
468 2261 768 2318 enimveroisdemum
779 2261 960 2320 mibivivere

147 2333 397 2408 atqneltui·anima
407 2335 532 2395 videtur.
554 2337 618 2408 qui,
640 2338 733 2408 aliquo
744 2339 853 2409 negotio
864 2339 960 2394 inten-

146 2421 205 2476 tus,
245 2410 379 2484 praeclari
410 2410 540 2474 facinoris
567 2419 616 2468 ant
641 2414 707 2467 artis
736 2412 823 2467 bonae
853 2413 959 2470 ianuam

148 2488 265 2562 quaerit.

203 2565 246 2620 lll.
266 2560 321 2618 Sed
338 2562 367 2615 in
381 2575 426 2616 ma
466 2580 482 2618 a
497 2563 576 2634 eopia
590 2575 682 2617 rorum
697 2561 773 2617 aliud
788 2563 836 2620 alii
856 2576 958 2622 natura

148 2642 202 2697 iter
218 2637 345 2696 ostendit.
383 2635 424 2690 Pu
436 2636 535 2692 ebrum
549 2644 605 2700 ost,
624 2635 799 2692 benefacere
817 2639 958 2710 reipubli-

151 2733 212 2774 oae:
232 2709 803 2772 0000100011000010000100010000.
843 2716 891 2770 Vel
903 2733 958 2788 pa-

544 2905 692 2976 A
