2058 3032
416 75 431 116 ‘a

242 199 526 284 ruouttrffluuat.
547 237 625 284 GAP.
645 233 679 282 14.
829 229 863 281 59

109 339 186 397 XIV.
214 339 332 402 „Patres
347 340 510 411 conscripti,
531 338 661 409 Micipsa,
681 343 759 408 pater
773 351 862 402 meus,

45 415 179 469 moriens
189 413 261 468 milri
272 416 426 487 praecepit,
443 416 484 471 uti
494 415 573 488 regni
584 412 732 468 Numidiae
743 420 865 469 tantum-

44 490 137 546 modo
157 492 379 561 procurationem
399 492 594 546 existumarem
612 505 715 554 meam,
742 496 863 544 cetorum

45 569 98 621 ius
110 574 140 620 ct
149 567 300 637 imperium
311 569 372 623 eius
385 585 470 640 penes
482 584 530 622 vos
542 581 615 634 esse,
638 565 722 620 simul
734 565 862 629 eniterer,

45 643 131 698 domi
152 643 327 716 militiaeque
345 661 429 716 quam
449 657 579 698 maxumo
596 641 661 697 usui
680 658 741 696 esse
761 640 864 714 populo

46 719 197 786 Romano,
214 735 264 774 vos
282 719 353 774 mihi
372 728 564 792 cognatorum,
586 735 636 773 vos
662 712 787 772 affiniur’n
805 717 864 771 loco

47 794 203 850 ducarcm:
224 795 249 849 si
265 796 301 850 ita
318 795 460 862 iecissem,
482 797 511 850 in
521 802 613 850 vostra
624 794 746 849 amicitia
757 793 864 848 exerci-

47 879 123 935 tum,
137 869 263 936 divitias,
276 873 447 927 munimenta
456 871 536 945 regni
547 887 591 924 me
603 869 773 925 habiturum.
788 867 875 936 Quae*

46 963 143 1018 quum
153 955 300 1019 praecepta
311 949 433 1020 parentis
444 949 499 1003 mei
510 947 651 1020 agitarem,
664 944 804 1019 Iugurtha,
814 944 865 999 ho-

48 1040 99 1078 mo
113 1023 256 1088 omnium,
282 1039 352 1096 quos
368 1032 439 1080 terra
456 1024 587 1088 sustinet,
613 1021 861 1084 sceleratissumus,

48 1105 213 1170 contempto
228 1100 346 1172 imperio
362 1109 465 1165 vostro,
486 1099 649 1156 Masinissae
666 1115 710 1153 ma
725 1106 861 1170 nepotum,

50 1177 139 1230 ctiam
161 1175 196 1230 ab
217 1177 302 1248 stirpe
321 1177 427 1232 socium
447 1184 529 1248 atque
554 1175 675 1231 amioum
695 1173 791 1246 papati
811 1173 864 1227 lio-

51 1253 144 1317 maai,
172 1267 258 1325 regno
277 1251 450 1324 fortunisque
469 1251 599 1307 omnihus
617 1251 735 1323 expulit.
774 1248 863 1320 Atque

51 1345 120 1401 ego,
137 1327 232 1383 Patres
243 1329 407 1401 conscripti,
424 1328 556 1400 quoniam
567 1343 598 1382 eo
609 1326 784 1382 miseriarum
795 1341 864 1382 ren-

52 1413 135 1459 turus
146 1419 236 1469 eram,
255 1405 371 1470 vellem,
391 1406 483 1476 potius
494 1403 530 1458 ob
540 1421 615 1468 mea,
636 1419 720 1476 quam
730 1401 766 1459 ob
777 1402 864 1456 maio-

53 1497 118 1534 rum
129 1496 254 1535 meorum
264 1480 413 1544 beneficia,
428 1497 509 1552 posse
521 1497 536 1535 a
546 1478 627 1534 vohis
637 1479 774 1533 auxilium
785 1485 862 1551 pate-

52 1574 97 1624 re3
113 1573 145 1612 ac
155 1573 286 1612 maxume
297 1555 393 1611 deberi
403 1557 473 1611 mihi
484 1555 618 1610 beneficia
629 1572 643 1609 a
653 1554 756 1626 populo
763 1555 863 1608 Roma-

53 1650 99 1697 no,
113 1633 218 1705 quibus
229 1649 282 1689 non
294 1649 417 1708 egerem3
426 1631 580 1688 secundum
591 1647 632 1694 ea,
644 1630 669 1684 si
680 1628 862 1685 desideranda

54 1719 147 1774 erant,
170 1710 211 1764 uti
226 1709 330 1764 debitis
345 1718 446 1765 uterer.
477 1707 542 1770 ¹Sed
556 1706 686 1779 quoniam
697 1722 795 1778 parum
805 1713 862 1760 tuta

53 1803 105 1856 per
120 1801 150 1839 ss
165 1787 226 1856 ipsa
240 1785 364 1857 probitas
379 1794 434 1850 est,
455 1801 546 1857 neque
563 1782 634 1838 mihi
652 1783 682 1837 in
697 1797 781 1836 manu
797 1779 860 1846 fnit,

54 1859 188 1934 iugurtha
204 1861 295 1932 qualis
310 1859 392 1916 foret:
418 1861 516 1916 advos
537 1858 664 1932 coniugi,
685 1858 778 1912 Patres
797 1873 864 1912 con-

53 1937 167 2008 scripti,
189 1936 307 2007 quibus,
330 1937 405 2010 quod
415 1937 485 1991 mihi
496 1937 691 1991 miserrumum
705 1942 759 1998 est,
781 1949 863 2008 cogor

54 2012 134 2082 prius
145 2012 236 2075 oneri,
254 2029 337 2084 quam
348 2014 427 2077 usui,
440 2029 511 2068 esse.
542 2011 631 2068 Ceteri
642 2027 722 2084 reges
732 2017 778 2065 aut
789 2009 863 2065 bollo

54 2089 123 2144 victi
134 2088 164 2141 in
175 2089 326 2143 amicitiam
337 2107 352 2144 a
363 2089 443 2144 vobis
452 2089 556 2162 recepti
562 2096 636 2152 sunt,
644 2095 691 2142 aut
700 2088 730 2140 in
739 2086 799 2141 suis
809 2085 863 2140 du-

55 2164 111 2218 biis
122 2162 207 2218 robus
223 2165 381 2220 societatem
392 2173 512 2221 vostram
525 2164 732 2236 appetiverunt,
757 2160 862 2217 familia

55 2249 147 2295 nostra
158 2257 223 2294 cum
233 2241 337 2312 populo
347 2242 468 2297 Romano
479 2239 781 2313 belloCarthaginioasi
792 2240 863 2293 ami-

56 2316 149 2370 citiam
159 2316 294 2384 instituit3
312 2333 368 2388 quo
376 2325 498 2388 ternpore
509 2317 598 2390 magis
609 2315 678 2370 fides
688 2317 762 2382 eiua,
778 2332 863 2388 quam

58 2391 179 2457 fortuna,
192 2392 311 2464 petenda
321 2401 388 2448 erat.
428 2392 552 2459 Quorum
559 2393 721 2464 progeniem
732 2407 795 2457 vos,
811 2393 862 2448 Pa-

57 2477 110 2522 tres
126 2468 289 2539 conscripti,
307 2467 392 2523 nolito
407 2469 465 2539 pati
476 2485 533 2534 me,
551 2476 679 2539 nepotem
688 2469 859 2531 Masinissae,

58 2543 157 2599 trustra
167 2561 182 2600 a
192 2543 421 2616 robisauxilium
431 2551 534 2615 petere.
566 2543 596 2598 Si
611 2543 646 2598 ad
656 2543 860 2615 impetrandum

57 2619 125 2674 nihil
136 2636 252 2674 caussae
261 2620 392 2675 haberem
402 2628 509 2691 praeter
517 2619 702 2674 miserandam
713 2617 859 2684 fortunam,

56 2694 143 2766 qaod,
156 2694 252 2767 paullo
262 2705 324 2750 ante
335 2713 398 2761 rex,
410 2711 525 2769 genere,
538 2693 610 2752 fama
620 2705 702 2768 atque
712 2694 800 2766 copiis
811 2711 861 2764 po-

57 2781 129 2838 tens,
142 2787 218 2827 nuno
227 2770 397 2830 deformatus
407 2773 560 2840 aerumnis,
573 2774 667 2846 inops,
680 2771 784 2827 alienas
794 2785 860 2841 opes
