2058 3032
153 174 187 229 llll
304 173 407 226 0:011.
427 177 633 226 SALLUSTII
654 177 808 226 BELLUM

152 281 309 356 perniciose
324 278 452 336 lubidine
467 279 620 352 paullisper
633 295 715 334 usus:
737 279 786 334 ubi
802 296 852 352 per
865 297 961 338 sooor·

153 358 228 414 diam
239 357 324 422 viros,
336 364 456 427 tempus,
469 355 613 429 ingenium
624 353 775 420 defluxere,
787 363 903 411 naturae
914 358 959 412 in-

152 433 269 489 firmitas
279 440 433 496 accusatur,
444 448 523 487 suam
533 439 653 504 quisque
664 431 775 503 culpam
785 441 912 488 auctores
923 433 957 487 ad

152 509 262 583 nogotia
282 507 461 564 transierunt.
509 507 614 575 Quodsi
639 507 800 564 hominibus
822 507 957 563 bonarum

152 603 244 642 rerum
257 593 331 641 tenta
341 600 407 640 cura
418 591 504 650 esset,
524 593 628 657 quanto
637 583 730 640 studio
741 584 832 652 olisna
842 601 874 640 ac
886 584 956 640 nihil

152 661 296 736 prolutura
310 660 484 730 multumque
499 663 581 717 etiam
599 659 755 734 periculosa
770 668 883 732 petunt;
909 677 959 716 no-

152 754 208 810 quo
222 746 383 812 regerentur
395 735 499 809 magia,
522 755 607 809 quam
622 744 749 809 regerent
763 753 858 802 casus,
881 745 909 792 et
926 753 957 792 eo

152 812 355 888 magnitudinis
365 811 559 884 procederent,
580 814 622 869 uti
635 829 685 885 pro
695 812 859 868 mortalibus
869 813 957 886 gloria

153 891 256 946 aeterni
268 887 374 944 tierent.

208 968 242 1022 ss.
261 966 332 1021 Nam
346 964 387 1020 uti
402 977 491 1038 genus
504 957 649 1018 hominum
667 963 850 1035 compositum
867 971 910 1020 est
923 981 957 1020 er

153 1057 266 1115 corpore
285 1041 436 1118 egerium,
461 1039 498 1096 ita
513 1053 557 1092 res
573 1049 687 1095 ouuotoe
701 1039 851 1112 studioque
865 1041 956 1096 omnio

152 1126 244 1175 nostro
259 1116 382 1188 eorporis
397 1117 466 1182 alia,
487 1112 541 1168 olio
556 1113 641 1170 animi
651 1124 777 1172 naturam
790 1125 956 1188 statuuntur.

152 1194 241 1269 lgitur
250 1192 389 1273 praeclara
403 1191 503 1255 lenies,
523 1207 639 1320 magnae
649 1192 779 1257 diuitiae,
804 1191 839 1248 ad
851 1191 904 1249 hoo
914 1193 958 1249 vis

153 1273 276 1344 eorporis
291 1269 387 1325 etalio
404 1269 567 1325 lruiusoomo
588 1267 597 1321 i
614 1269 707 1324 omnia
727 1268 806 1324 brevi
825 1267 960 1326 dilabun-

153 1354 211 1412 tur3
234 1354 261 1402 at
275 1345 383 1418 ingenii
399 1345 511 1419 egregia
522 1340 657 1410 facinora,
678 1345 761 1400 siouti
773 1345 880 1412 anima,
905 1346 960 1402 im-

153 1422 279 1480 mortalia
302 1428 377 1477 sunt.
416 1421 556 1477 Postremo
575 1421 696 1493 corporis
716 1429 743 1477 ot
762 1420 888 1477 fortunae
909 1422 960 1478 bo-

152 1515 266 1563 norum.
278 1505 309 1552 ut
319 1497 446 1563 initium,
460 1495 576 1552 siclinis
587 1505 642 1552 est:
658 1497 806 1569 omniaque
815 1506 874 1554 orta
884 1499 960 1554 oooi-

153 1575 236 1640 dunt,
247 1583 273 1631 et
283 1583 362 1630 nuota
372 1581 533 1642 senescunt3
547 1574 657 1630 animus
667 1573 858 1646 incorruptus,
870 1583 960 1632 aeter-

153 1670 221 1717 nus,
237 1660 325 1709 rector
336 1651 451 1708 humani
460 1652 583 1726 generis,
596 1650 745 1724 agitatque
756 1651 958 1716 hahetounota‚

153 1745 244 1802 neque
260 1729 320 1803 ipse
333 1728 461 1786 hebetur.
500 1727 560 1795 Quo
571 1728 659 1800 magis
670 1727 792 1798 pravitas
803 1743 899 1783 eorum
911 1727 961 1783 ad-

154 1805 279 1862 mirande
290 1813 344 1870 ost,
357 1805 421 1876 qui,
433 1802 521 1860 dediti
532 1803 653 1874 eorporis
662 1802 788 1876 gaudiis,
799 1819 850 1875 per
860 1804 961 1860 luxum

154 1887 237 1954 atque
251 1881 393 1956 ignaviam
407 1888 522 1936 oetatem
537 1886 636 1951 egunt:
661 1886 782 1932 oetemm
802 1879 960 1953 ingenium,

154 1971 210 2030 quo
228 1974 320 2030 neque
340 1956 441 2013 melius
461 1970 552 2026 neque
575 1952 696 2025 emplius
716 1953 794 2010 aliud
813 1955 843 2010 in
862 1966 961 2013 natura

154 2032 313 2090 mortalium
328 2040 384 2100 est,
416 2032 525 2088 inoultu
549 2036 631 2101 atque
655 2029 781 2086 socordia
803 2039 962 2103 torpescere
1014 2053 1015 2100 t

138 2128 140 2132 ·
154 2109 265 2165 sinunt:
286 2123 372 2183 quum
388 2106 549 2182 praesertim
561 2114 617 2162 tam
630 2107 734 2164 multae
744 2107 893 2180 variaeque
904 2109 963 2166 sint

156 2193 227 2240 ortes
238 2186 338 2250 enimi,
355 2185 460 2258 quibus
469 2195 577 2240 summa
589 2180 726 2242 claritudo
736 2193 858 2256 paretur.

209 2261 256 2316 lll.
270 2262 373 2318 Verum
384 2279 420 2318 ex
430 2259 475 2316 his
485 2259 662 2332 magistratus
673 2270 699 2317 et
710 2261 839 2333 imperia,
852 2270 964 2333 postre-

156 2335 964 2409 moomnisourrrerumpublioerum,minumornihiheo

157 2421 318 2487 tempestate
329 2413 471 2486 cupiunda
481 2412 622 2477 uidentur.
632 2413 764 2486 quoniam
774 2429 865 2486 nequo
873 2414 963 2472 virtu-

158 2491 180 2547 ti
194 2490 280 2548 honos
295 2487 389 2556 datur,
415 2506 505 2563 neque
519 2489 579 2556 illi,
602 2489 707 2563 quibus
720 2506 771 2562 per
789 2488 917 2546 fraudem
937 2492 963 2547 is

161 2565 228 2634 luit,
253 2566 350 2639 utique
363 2565 416 2622 tuti
432 2574 479 2622 aut
494 2582 526 2622 eo
540 2566 630 2640 magis
651 2565 758 2621 honesti
777 2573 852 2621 sunt.
891 2567 962 2624 Nom

162 2645 191 2701 vi
206 2641 318 2720 quidem
332 2657 428 2776 regere
441 2641 560 2714 petriam
575 2650 622 2696 aut
631 2649 772 2713 parentes,
792 2657 962 2716 quamquam

163 2729 192 2781 et
201 2722 289 2797 poesia
298 2717 367 2777 etde
379 2717 578 2790 intumulare,
600 2725 691 2772 tamen
706 2718 896 2790 importunum
906 2729 961 2788 est,
