2058 3032
251 217 447 264 CATILINA.
469 217 549 264 cAP.
570 218 678 264 37-38.
836 215 870 269 25

51 327 161 394 egestas
176 318 258 374 facile
273 319 391 374 habetur
403 320 464 374 sine
475 318 586 374 damno.
627 318 682 375 Sed
691 321 797 377 urbana
808 322 871 394 ple·

52 399 116 461 bes,
139 413 171 452 ea
181 412 248 451 vero
262 411 395 466 praeceps
409 395 478 450 ierat
492 395 589 450 multis
602 394 637 452 de
651 397 769 452 caussis.
808 398 871 454 Pri-

51 490 131 527 mum
144 472 284 535 omnium,
309 471 358 542 qui
374 470 479 543 ubique
496 470 597 544 probro
616 467 698 543 atqu'e
717 473 870 543 petulantia

50 565 182 603 maxume
197 546 388 619 praestabant;
410 547 476 602 item
495 547 557 612 alii,
578 563 628 619 per
638 547 773 604 dedecora
782 551 871 620 patri·

50 624 155 678 moniis
166 623 291 690 arnissis;
313 630 452 695 postremo
461 639 571 689 omnes,
593 639 664 695 quos
675 622 811 698 flagitium
823 631 871 681 aut

49 699 161 754 facinus
173 697 254 754 domo
268 698 427 771 expulerat,
448 697 479 752 hi
489 699 617 764 Romam,
639 699 723 754 sicuti
736 700 767 754 in
782 702 871 756 senti-

49 793 132 840 nam,
153 771 353 830 confluxerant.
392 772 497 829 Deinde
510 774 606 840 multi,
629 775 871 832 memoresSulla-

51 868 105 907 nae
122 851 268 915 victoriae,
290 848 366 922 quod
381 866 417 905 ex
430 851 567 923 gregariis
581 851 719 906 militibus
735 852 804 907 alios
819 851 870 908 Se-

51 935 164 983 natores
173 925 320 992 videbant,
337 925 407 982 alios
420 927 458 980 ita
468 925 586 992 divites,
602 928 643 982 uti
654 928 731 1002 regio
741 930 818 984 victu
829 937 871 984 at-

49 1019 107 1076 que
119 1000 197 1057 cultu
208 1010 323 1058 aetatem
334 1009 460 1075 agerent,
480 1002 537 1058 sibi
551 1003 686 1075 quisque,
706 1004 732 1058 si
745 1005 775 1059 in
786 1005 870 1060 armis

49 1079 137 1143 foret,
170 1094 205 1133 ex
219 1078 335 1134 victoria
349 1077 415 1134 talia
429 1078 568 1150 sperabat.
607 1080 749 1136 Praeterea
770 1081 871 1136 iuven-

50 1165 112 1219 tus,
134 1169 206 1226 quae
220 1155 250 1209 in
266 1155 341 1228 agris
351 1171 486 1210 manuum
497 1155 623 1211 mercede
633 1157 757 1228 inopiam
770 1156 871 1213 tolera-

51 1237 145 1295 verat,
173 1231 291 1301 privatis
309 1238 391 1302 atque
410 1229 535 1302 publicis
553 1231 749 1305 largitionibus
768 1234 868 1299 excita,

51 1307 192 1362 urbanum
207 1308 295 1362 otium
308 1308 416 1380 ingrato
427 1306 514 1364 labori
524 1308 705 1380 praetulerat;
728 1325 775 1364 eos
786 1318 869 1382 atque

51 1383 124 1439 alios
142 1399 238 1439 omnes
257 1382 361 1439 malum
381 1382 528 1455 publicum
548 1383 649 1440 alebat.
693 1384 753 1452 Quo
776 1387 869 1441 minus

50 1456 212 1514 mirandum
223 1466 277 1523 est,
290 1459 417 1514 homines
429 1468 555 1534 egentes,
566 1459 648 1516 malis
658 1460 796 1527 moribus,
810 1479 870 1517 ma-

51 1551 138 1590 xuma
157 1551 222 1606 spo,
256 1535 429 1607 reipublicae
452 1537 530 1591 iuxta
549 1553 580 1591 ae
604 1536 660 1592 sibi
683 1538 867 1593 consuluisse.

51 1613 209 1676 Praeterea,
234 1627 368 1682 quorum,
394 1611 630 1677 victoriaSullae,
656 1622 785 1684 parentes
805 1631 870 1686 pro-

50 1688 166 1759 scripti,
187 1687 259 1742 bona
270 1697 376 1759 erepta,
397 1688 442 1742 ius
459 1686 595 1743 libertatis
610 1689 790 1744 imminutum
801 1700 866 1754 erat,

52 1763 131 1818 baud
150 1779 217 1819 sane
236 1762 291 1818 alio
309 1765 401 1818 animo
421 1761 490 1818 belli
510 1772 641 1820 eventum
661 1764 867 1835 exspectabant.

51 1839 96 1896 ld
106 1839 175 1904 hoe,
195 1840 366 1912 quicumque
376 1839 506 1903 aliarum,
528 1848 609 1912 atque
621 1839 729 1903 Senati,
748 1842 869 1913 partium

51 1923 145 1981 erant,
166 1915 325 1972 conturbari
339 1915 554 1988 rempublicam,
575 1933 659 1988 quem
673 1916 766 1971 minus
777 1918 870 1973 valere

50 1994 125 2064 ipsi,
151 1991 300 2047 malebant.
340 1991 371 2047 ld
386 1991 454 2048 adeo
468 1992 574 2047 malum
587 1991 689 2047 multos
706 2001 769 2064 post
783 2011 869 2049 annos

51 2071 81 2123 in
94 2068 235 2124 civitatem
245 2075 406 2124 reverterat.
592 2121 596 2131 ,

109 2143 262 2199 XXXVIII.
287 2145 357 2198 Nam
375 2152 536 2216 postquam,
562 2142 613 2198 Cn.
633 2143 765 2215 Pompeio
784 2154 812 2200 et
830 2147 868 2202 Μ.

52 2219 153 2276 Crasso
169 2218 351 2284 Consulibus,
372 2219 522 2274 tribunicia
540 2226 661 2290 potestas
675 2220 801 2276 restituta
817 2232 867 2286 est,

53 2295 182 2351 homines
201 2292 407 2359 adulescentes,
439 2311 577 2350 summam
598 2303 762 2366 potestatem
784 2299 867 2363 nacti,

53 2371 159 2443 quibus
175 2379 249 2442 aetas
264 2371 430 2442 animusque
444 2369 523 2426 ferox
537 2379 608 2435 erat,
632 2387 761 2443 coepere,
783 2371 870 2428 Sena-

55 2457 114 2503 tum
128 2445 315 2510 criminando,
336 2447 448 2519 plebem
463 2446 616 2520 exagitare,
642 2445 707 2502 dein
723 2448 870 2521 largiundo

55 2531 138 2596 atque
148 2521 328 2595 pollicitando
339 2523 429 2596 magis
439 2521 601 2591 incendere;
625 2524 663 2579 ita
674 2524 730 2595 ipsi
741 2524 808 2579 clari
819 2542 870 2596 po-

56 2609 199 2672 tentesque
218 2597 288 2654 lieri.
337 2598 435 2655 Contra
458 2615 504 2654 eos
528 2614 637 2654 summa
658 2616 711 2672 ope
730 2599 870 2655 nitebatur

56 2676 189 2748 pleraque
202 2674 347 2740 nobilitas,
369 2674 464 2731 Sonati
477 2673 584 2746 specie,
606 2691 656 2746 pro
669 2692 719 2730 sua
730 2677 870 2747 magnitu-

55 2752 130 2807 dine.
170 2752 309 2823 Namque,
324 2751 366 2805 uti
374 2750 471 2822 paucis
481 2767 579 2808 verum
590 2751 746 2816 absolvam,
761 2768 812 2823 per
821 2751 869 2807 illa
