2070 3036
164 165 211 216 tto
313 170 340 217 G.
360 170 419 218 GR.
438 170 645 218 suntusutt
662 169 817 216 BELLUM

161 271 245 326 chum
255 272 346 346 magis
355 273 459 332 Punice
470 271 538 339 fide,
559 290 643 346 quem
654 272 690 328 ob
701 289 748 338 eo,
771 288 841 344 quse
853 269 972 344 praedi-

161 346 255 414 cebat,
277 350 361 405 simul
377 350 512 406 Romanos
532 358 558 406 et
572 348 721 405 Numidam
738 365 789 420 spe
802 349 882 420 pacis
896 346 970 404 deti-

161 425 272 489 uuisse,
291 426 466 499 multumque
481 442 545 480 cum
557 426 649 481 animo
659 442 710 481 suo
721 425 831 480 volvere
841 423 967 488 solitum,

160 500 324 574 Iugurtham
343 502 487 568 Romanis,
513 517 548 557 su
568 501 612 558 illi
630 501 738 574 Sullam
758 500 894 556 truderet:
924 498 971 554 lu-

161 575 289 634 bidinem
316 577 466 636 adversum
490 593 554 643 uos,
589 587 694 634 metum
717 593 768 650 pro
791 575 877 633 nohis
904 592 973 631 sus-

161 669 242 710 sisse.

219 727 289 785 Clli.
324 730 413 806 lgitur
432 727 510 786 Sullu
529 726 686 802 respoudit:
717 744 806 800 pauco
825 744 855 782 se
876 743 973 782 corum

160 805 266 877 Aspare
286 804 459 872 locuturum,
491 814 581 862 cetero
601 803 722 868 occulte,
752 812 800 860 aut
822 802 902 858 nullo
921 812 972 858 aut

160 897 244 952 quem
255 884 443 954 paucissumis
452 880 662 956 praesentibus:
678 879 762 935 simul
773 877 885 945 edocet,
898 895 968 952 quse

161 957 404 1029 responderentur.
444 960 608 1032 Postquam,
635 956 719 1012 sicuti
740 955 880 1020 voluerat,
904 971 966 1011 cou-

160 1033 260 1106 gressi,
272 1033 355 1090 dicit:
368 1053 409 1101 se,
423 1036 542 1092 missum
552 1053 567 1090 o
577 1031 707 1098 Consule,
720 1031 841 1096 venisse,
853 1031 969 1103 quaesi-

160 1116 218 1164 tum
230 1107 265 1164 sb
276 1127 322 1174 eo,
343 1127 441 1182 pacem
452 1131 487 1169 on
498 1110 605 1167 bellum
615 1109 767 1183 agitaturus
778 1106 856 1163 foret.
900 1109 969 1163 Tum

160 1201 218 1249 rex,
231 1185 272 1240 uti
283 1197 463 1260 praeceptum
475 1187 643 1259 inemtpcst
653 1183 728 1240 diem
740 1179 881 1240 decimum
893 1182 969 1240 redi—

159 1276 188 1315 re
199 1259 289 1329 iubet,
309 1277 340 1316 ac
351 1263 423 1320 nihil
433 1265 517 1321 etism
527 1279 603 1318 nuno
613 1258 852 1326 decrevisse,vsed
862 1259 913 1315 illo
922 1258 969 1314 die

159 1352 372 1408 responsurum
390 1339 455 1396 dein
466 1339 547 1396 ambo
557 1338 587 1393 in
598 1355 648 1393 sua
659 1345 748 1394 cestra
758 1335 890 1410 digressi.
911 1334 968 1391 Sed

161 1411 210 1468 ubi
224 1411 391 1486 plerumque
406 1417 494 1474 noctis
509 1415 659 1488 processit,
682 1412 760 1468 Sulla
775 1411 909 1468 aBocche
921 1427 967 1468 oc-

161 1489 235 1544 culte
245 1492 409 1550 accersitur:
432 1491 467 1549 ub
482 1501 599 1564 utroque
614 1487 805 1546 tantummodo
821 1486 870 1544 fidi
881 1489 967 1544 inter-

160 1574 253 1637 pretes
279 1565 462 1627 adhibentur:
494 1576 634 1642 praeterea
654 1563 743 1621 Dabar
762 1565 964 1628 internuncius,

160 1651 273 1698 sauctus
288 1643 333 1699 vir
348 1655 375 1702 et
388 1665 425 1702 ex
437 1645 573 1704 sententis
587 1641 733 1700 ambobus.
773 1641 813 1696 Ac
822 1641 916 1697 statim
926 1639 967 1695 sic

159 1734 209 1773 rex
218 1717 332 1792 incipit:

215 1793 274 1852 CX.
306 1797 492 1869 „Numquam
507 1812 559 1870 ego
573 1803 649 1851 retus
663 1810 726 1849 sum
742 1791 813 1858 iore,
840 1794 897 1857 uti,
918 1808 964 1847 rex

159 1884 308 1926 maxumus
319 1871 348 1926 iu
359 1872 411 1928 huo
421 1881 507 1936 terre,
524 1871 700 1935 etomuium,
717 1885 787 1943 quos
797 1868 877 1934 novi,
896 1883 965 1941 opu·

160 1943 355 2012 lentiss'umus,
369 1949 486 2020 privato
501 1946 608 2004 homini
623 1949 739 2021 gretiam
752 1944 893 2001 deberem.
931 1943 965 2000 Et

160 2036 204 2077 me
215 2020 342 2088 hercule,
361 2023 454 2090 Sulla,
472 2032 534 2081 unte
546 2031 572 2080 te
582 2023 737 2098 cognitum,
758 2020 965 2078 multisorsuti-

159 2095 228 2162 hus,
251 2097 315 2154 eliis
330 2098 403 2156 ultro
418 2109 528 2174 egomet
541 2117 623 2172 cpem
638 2099 705 2166 tuli,
727 2097 833 2154 nullius
844 2096 963 2172 indigui.

159 2170 191 2226 ld
201 2172 391 2241 imminutum,
405 2174 481 2249 quod
492 2177 576 2232 ceteri
587 2175 680 2233 dolere
691 2175 789 2239 solent,
802 2190 854 2248 ego
864 2173 962 2230 luetur:

159 2244 244 2303 luerit
259 2249 331 2304 mihi
345 2253 481 2323 pretium,
502 2252 615 2326 eguisse
631 2249 782 2324 eliqueudo
794 2259 858 2306 tuae
868 2250 965 2306 smioi-

161 2322 225 2387 tice,
238 2340 294 2395 quo
305 2325 381 2398 epud
391 2328 516 2384 animum
527 2344 621 2384 meum
631 2327 703 2384 nihil
715 2327 806 2382 carius
816 2324 915 2382 hebes.
934 2323 962 2382 ld

162 2397 230 2454 odeo
241 2401 364 2472 experiri
374 2403 454 2460 licet:
467 2421 551 2469 arma,
563 2403 648 2469 viros,
659 2403 817 2476 pecuniam,
829 2411 963 2474 postremo

160 2475 298 2548 quicquid
308 2478 401 2535 auimo
412 2479 499 2544 lubet,
511 2497 601 2544 sume,
614 2487 705 2534 utere:
720 2487 756 2542 et,
772 2475 865 2549 quoed
875 2478 960 2542 vives,

161 2567 311 2623 numquam
326 2550 378 2604 tibi
395 2553 532 2609 redditum
546 2553 663 2622 gratiam
678 2553 834 2621 putaverim
856 2569 962 2625 semper

161 2624 235 2697 apud
250 2641 294 2680 me
311 2623 417 2696 integro
433 2626 499 2693 erit;
727 2626 761 2689 il,
785 2643 829 2680 me
849 2629 960 2694 sciente,

157 2696 356 2773 trusus-uoles·
363 2699 515 2774 Qu
727 2706 749 2750 '¹-
764 2703 959 2774 Qumis,
