2058 3032
174 185 208 238 ld·
377 145 557 238 osculatu
576 191 782 238 enuntiem

171 291 254 348 fortes
265 290 392 366 fidosque
401 291 473 348 mihi
481 323 491 357 ,=
510 307 543 347 eo
556 293 666 348 animus
677 306 764 349 ausus
771 301 814 350 est
823 311 993 352 maxumum

171 375 253 439 atque
272 368 503 440 pulcherrumum
523 366 631 424 facinus
651 370 790 441 incipero,
817 370 902 426 simul
921 374 991 444 quia

171 443 251 515 vobis
261 443 368 508 eadem,
380 455 451 516 quae
460 442 541 507 mihi,
554 443 625 499 bona
635 444 830 516 malaqueesse
841 445 989 514 intellexi,

171 536 235 574 nam
249 518 325 574 idem
340 517 509 590 vellentque
524 519 600 574 idem
614 520 703 585 nolle,
727 538 760 576 aa
775 521 888 576 demum
908 521 991 578 firmo

171 595 293 652 amicitia
313 603 364 651 est.
404 591 462 649 Sed
476 610 528 668 ego
542 603 614 667 quae
633 604 727 651 mente
745 597 864 672 agitavi,
889 613 991 654 omues

170 672 227 726 iam
241 679 321 727 antea'
340 669 446 726 diversi
466 669 595 726 audistis.
639 670 766 728 Ceterum
784 672 856 730 mihi
875 673 905 728 in
926 673 991 729 dies

171 748 260 822 magis
281 747 390 803 animus
409 745 584 812 accenditur,
619 763 706 818 quum
725 748 884 815 considero,
914 761 991 822 quae

170 822 293 879 conditio
302 823 376 878 vita'e
387 821 481 878 lutura
493 822 543 888 sit,
560 822 616 877 nisi
627 825 798 896 nosmetipsi
809 825 989 882 vindicamus

170 901 200 955 in
211 899 376 956 libertatem.
416 899 486 953 Nam
500 899 648 970 postquam
663 899 822 972 respublica
837 902 866 956 in
881 917 988 972 pauco-

170 993 232 1030 rum
242 975 397 1048 potentium
407 974 453 1029 ius
464 981 546 1046 etque
560 974 692 1030 ditionem
707 976 856 1040 concessit,
875 993 989 1051 semper

169 1051 229 1107 illis
239 1061 329 1124 reges,
335 1048 488 1106 tetrarchae
497 1049 648 1123 vectigales
659 1068 733 1107 esse:
745 1050 853 1124 populi,
860 1053 988 1110 nationes

170 1125 310 1198 stipendia
320 1125 456 1198 pendere:
474 1126 558 1182 ceteri
567 1142 672 1191 omnes,
687 1127 803 1193 strenui,
815 1127 891 1192 boni,
904 1129 988 1185 nobi-

172 1203 213 1258 les
223 1207 306 1274 atq'ue
315 1201 470 1276 ignobiles,
483 1201 586 1275 vulgus
597 1200 716 1267 luimus,
734 1203 796 1258 sine
805 1205 908 1277 gratia,
924 1205 987 1260 sine

172 1277 394 1343 auctoritate,l1is
404 1277 529 1342 obnoxii,
541 1276 688 1348 quibus,si
698 1279 858 1351 respublica
869 1278 984 1346 valeret,

172 1354 315 1410 formidini
330 1364 465 1409 essemus.
504 1354 599 1425 ltaque
618 1353 708 1408 omnis
726 1355 830 1428 gratia,
851 1357 983 1428 potentie,

170 1430 271 1497 honos,
295 1429 411 1486 divitiae
425 1427 500 1502 apud
514 1429 579 1484 illos
593 1437 672 1494 sunt,
693 1438 741 1485 ant
755 1430 805 1485 ubi
816 1431 860 1486 illi
870 1430 983 1488 volunt:

170 1506 252 1562 nobis
267 1507 406 1578 reliquere
416 1504 556 1578 repulsas,
572 1505 712 1578 pericula,
734 1505 853 1571 iudicia,
876 1517 985 1581 egesta-

171 1593 237 1640 tem.
276 1581 352 1650 Quae
370 1595 516 1654 quousque
536 1579 647 1636 tandem
666 1582 984 1655 patiemini‚lortissumi

170 1657 244 1715 viril
253 1660 350 1715 Nonne
360 1659 446 1714 emori
456 1673 506 1731 per
517 1658 647 1716 virtutem
657 1665 790 1732 praestat,
802 1670 886 1730 wem
896 1660 984 1716 vitam

172 1735 300 1792 miseram
312 1741 395 1807 atque
403 1733 589 1800 inhonestam,
604 1734 653 1789 ubi
664 1734 770 1790 alienae
780 1733 929 1806 superbiae
940 1736 985 1791 lu·

171 1811 264 1869 dibrio
274 1810 369 1874 fueris,
382 1825 432 1882 per
441 1808 564 1865 dedecus
575 1807 717 1865 amittere?
728 1809 830 1865 Verum
841 1811 984 1868 enimvero

171 1900 221 1958 pro
230 1885 317 1943 Deum
327 1884 565 1956 atqoelominum
575 1883 671 1950 fidem,
688 1885 804 1942 victoria
814 1903 830 1941 a
840 1904 924 1944 manu
934 1905 985 1946 nc·

172 1963 216 2018 bio
226 1971 280 2030 est3
297 1963 373 2036 viget
384 1955 472 2024 aetas,
489 1959 696 2016 animusvalat:
713 1961 890 2029 eontraillis,
903 1965 984 2020 annis

171 2046 254 2111 atque
265 2038 386 2101 divitiis,
402 2035 497 2092 omnia·
505 2039 721 2106 oonseunemnt3
738 2039 928 2096 tantammodo
939 2042 984 2096 in-

171 2123 251 2187 cepto
267 2123 339 2189 opus
356 2120 410 2170 eat:
438 2119 528 2167 cetera
547 2126 591 2168 reo
610 2112 750 2186 expediet.
788 2115 899 2170 Etenim
917 2119 983 2188 quis

172 2191 343 2255 mortalium,
365 2188 410 2245 eni
421 2187 504 2244 virile
517 2187 662 2264 ingenium
677 2199 732 2256 est,
756 2189 871 2246 tolerare
881 2199 982 2264 potest,

171 2265 230 2322 illis
239 2266 355 2321 diuitias
364 2267 503 2338 superne,
515 2279 586 2336 quas
595 2265 764 2338 pnofnndant
774 2264 803 2320 in
814 2269 984 2325 exstruendo

173 2343 240 2398 mari
252 2350 279 2398 et
287 2342 429 2398 montibus
439 2340 638 2413 coaequandis;
656 2342 736 2398 nobis
748 2357 804 2398 rem
817 2341 982 2400 familiarem

74 2457 78 2466 ·
172 2419 253 2475 etiam
270 2417 305 2473 ad
319 2418 475 2475 necessaria
488 2415 605 2476 deesse?
623 2418 686 2473 illos
700 2418 780 2473 binas
798 2427 846 2476 aut
860 2420 982 2493 amplius

171 2494 452 2565 dommartinum,
473 2493 553 2552 nobis
568 2495 653 2550 larem
667 2493 833 2549 familiarem
843 2504 981 2568 nusquam

172 2573 263 2631 ullum
273 2567 351 2628 esse?
364 2569 458 2638 Quum
467 2570 588 2633 tabulae,
603 2569 697 2642 signa,
710 2579 859 2625 toreumata
870 2580 978 2639 emunt;

173 2665 244 2708 nova
253 2648 380 2712 diruunt,
396 2647 451 2702 alia
460 2645 619 2712 aeditimum
633 2653 771 2715 postremo
781 2645 910 2700 omnibus
920 2663 981 2704 mo-

84 2726 88 2734 '
174 2727 219 2785 dis
228 2726 373 2804 pecuniam
383 2721 842 2787 trahunt,vemnt:tamensumma
851 2719 980 2782 lubidine
