2058 3032
65 203 70 212 ’
157 205 186 255 18
315 272 319 281 1
358 207 385 254 G.
406 207 535 254 CRISPI
553 207 760 254 annovam

155 310 196 363 uti
208 307 251 364 val
262 308 399 374 modesto,
412 308 455 366 vel
466 308 557 373 molli,
570 308 614 364 vel
625 310 749 380 procaci;
767 323 880 380 prorsus
891 306 961 362 mul-

154 393 197 441 tas
208 383 324 441 facetiae
334 384 495 456 multusque
506 383 582 456 lepos
594 384 692 442 inerat.
911 431 914 436 .

209 459 310 518 XXVI.
330 460 378 518 liis
389 459 472 515 rebus
483 460 662 532 comparatis,
684 459 802 516 Catilina
812 456 902 512 nihilo
911 459 965 512 mi·

154 552 207 591 nus
221 536 250 592 in
265 553 432 610 proxumum
447 553 549 592 annum
567 535 741 592 consulatum
755 532 880 607 petebat,
901 551 965 606 spe-

154 628 232 678 rans,
254 613 279 668 ei
295 612 456 686 designatus
470 610 552 678 foret,
572 611 653 668 facile
668 629 698 666 sc
713 629 749 666 ex
760 610 899 666 voluntate
908 609 966 664 ln-

154 689 229 744 tonio
247 705 375 744 usurum.
424 689 520 760 Neque
545 688 648 744 interea
672 687 784 759 quietus
808 693 879 750 erat,
915 685 965 740 sed

153 764 284 820 omnibus
307 763 397 820 modis
419 763 537 822 insidias
559 763 674 837 parabat
694 762 829 820 Ciceroni.
870 762 965 838 Neque

153 839 197 896 illi
212 849 304 897 tamen
320 839 356 896 ad
370 840 525 896 cavendum
541 840 622 896 dolus
641 847 689 895 aut
705 838 821 894 astutiae
843 836 964 892 deerant.

153 915 281 988 Namque
299 916 463 988 apriuoipio
478 918 636 973 consulatus
651 915 696 971 sui
710 915 796 971 multa
810 912 966 986 pollicendo

152 1008 204 1063 per
220 992 348 1048 Fulviam
363 991 501 1058 effecerat,
526 1001 556 1048 ut
569 991 601 1059 Q.
617 992 731 1057 Curius,
752 989 788 1046 de
802 1005 857 1062 quo
871 989 966 1062 paullo

154 1076 217 1123 anto
228 1071 394 1133 memoravi,
409 1067 526 1124 consilia
536 1067 670 1124 Catilinae
680 1068 736 1125 sibi
747 1065 884 1140 proderet.
924 1064 968 1120 Ad

154 1141 207 1198 hoc
227 1144 362 1218 collegam
381 1161 463 1199 suum
486 1143 635 1199 Antonium
654 1145 781 1215 pactione
806 1141 968 1215 provinciae

154 1217 327 1292 perpulerat,
348 1236 382 1274 ne
393 1228 485 1274 contra
497 1218 697 1290 rempublicam
707 1219 834 1288 sentiret3
860 1218 967 1273 circum

154 1313 184 1352 ee
204 1295 344 1368 praesidia
358 1295 510 1350 amicorum
525 1303 608 1367 atque
627 1295 771 1354 clientium
790 1294 897 1352 occulta
917 1293 970 1350 ha·

155 1371 248 1426 bebat.
287 1371 434 1442 Postquam
452 1370 513 1426 dies
528 1370 702 1426 comitiorum
716 1371 806 1437 venit,
829 1379 856 1427 et
870 1369 969 1428 Catili-

155 1465 206 1504 nae
221 1461 312 1518 nequs
326 1447 437 1519 petitio,
463 1463 552 1520 neque
567 1446 701 1513 insidiae,
724 1464 794 1520 quas
809 1446 923 1504 Consuli
939 1449 969 1503 in

155 1523 257 1595 Campo
274 1519 387 1588 lacerat,
409 1539 540 1597 prospere
556 1539 677 1594 casaere;
698 1523 842 1580 constituit
860 1522 968 1580 bellum

155 1597 245 1656 iacere
255 1607 414 1656 etextrema
424 1601 517 1656 omnia
527 1601 662 1674 experiri,
679 1600 824 1673 quoniam,
840 1615 912 1673 quae
922 1616 970 1657 oc-

155 1675 228 1733 culte
238 1683 404 1741 tentaverat,
422 1694 518 1750 aspera
533 1675 667 1751 foedaque
678 1683 835 1732 evenerant.
896 1703 899 1710 ·

211 1751 324 1810 XXVII.
357 1753 445 1826 Igitur
469 1752 500 1810 C.
520 1754 654 1809 Manlium
674 1752 805 1808 Faesulas
830 1760 913 1824 atqua
941 1753 971 1808 in

154 1843 214 1883 eam
230 1837 335 1900 partem
349 1827 489 1893 Etruriae,
511 1827 678 1900 Septimium
693 1828 842 1899 quemdam
857 1827 973 1886 Camer-

122 1951 125 1962 .
155 1911 210 1958 tem
221 1905 250 1959 in
261 1920 358 1978 agrum
368 1903 515 1968 Picenum,
537 1902 681 1960 C.1ulium
696 1904 725 1959 in
736 1903 867 1976 Apuliam
884 1903 973 1961 dimi-

153 1979 205 2047 eit;
229 1988 369 2052 praeterea
380 1977 466 2034 aliurn
478 1978 545 2044 alio,
565 1995 649 2051 quem
662 1979 768 2053 ubique
782 1988 973 2054 opportunum

154 2052 210 2109 eibi
226 2053 285 2112 lore
299 2055 438 2112 credebat.
476 2056 582 2111 Interea
593 2056 694 2112 Romae
710 2056 796 2114 multa
809 2057 896 2114 simul
910 2075 974 2114 mo-

155 2127 215 2198 liri3
242 2130 356 2189 Consuli
371 2129 624 2199 insidiastendara,
643 2150 741 2207 parare
754 2133 897 2201 incendia,
919 2152 975 2208 op·

154 2213 272 2279 portuna
287 2208 345 2265 loca
360 2207 474 2265 armatis
486 2205 648 2266 hominibus
664 2209 806 2267 obsidere:
827 2209 889 2281 ipse
905 2227 974 2266 cum

155 2281 209 2338 telo
220 2298 295 2349 esee,
313 2286 380 2340 item
395 2284 464 2341 alios
476 2283 587 2340 iubere:
609 2285 726 2352 hortari,
744 2285 784 2340 uti
799 2299 911 2358 semper
926 2288 977 2342 in-

156 2359 223 2414 tenti
239 2361 384 2432 paratique
399 2367 504 2416 essent:
523 2359 584 2416 dies
598 2371 747 2433 noctesque
763 2360 908 2430 festinare,
927 2365 978 2420 vi-

156 2431 257 2508 gilare,
279 2451 370 2508 neque
384 2433 530 2493 insomniis
544 2452 635 2510 neque
649 2438 742 2494 labore
755 2435 874 2511 fatigari.
918 2441 979 2496 Po-

156 2519 257 2568 stremo
270 2511 320 2567 ubi
335 2511 422 2568 malta
437 2513 552 2588 agitanti
566 2511 637 2568 nihil
651 2513 790 2586 procedit,
813 2531 912 2571 rursus
927 2516 979 2572 in-

51 2607 55 2621 *
158 2596 290 2662 tempesta
304 2595 383 2644 nocte
398 2587 596 2645 coniurationia
611 2588 754 2660 principes
769 2599 902 2648 convocat
921 2609 979 2664 per

158 2665 195 2722 M.
206 2663 332 2722 Porcium
341 2662 471 2720 Laecam:
494 2665 591 2736 ibique
605 2663 692 2718 multa
705 2663 861 2740 deignavia
872 2683 978 2724 eorum

158 2751 287 2814 questus,
311 2738 402 2806 docet,
431 2757 487 2807 „se
501 2737 634 2798 Manlium
654 2739 831 2808 praemisisse
851 2739 887 2796 ad
909 2758 979 2798 eam
