2058 3032
155 159 188 206 lv

153 305 215 366 sero
236 307 399 365 destinatae
418 318 516 365 essent
533 327 567 365 ac
586 307 741 366 Sallustius
760 312 796 367 ab
814 309 970 368 Herman-

153 428 192 468 no
214 407 327 469 Weisio
351 410 487 468 eumdem
508 409 539 467 in
562 411 681 468 modum
709 412 869 469 adornatus
899 431 968 472 esse

152 511 315 571 videretur:
338 531 398 570 non
414 511 560 585 dubitavi,
579 522 715 588 suscepto
732 514 794 572 eius
810 515 968 590 scriptoris

153 613 384 692 recognoscendi
402 613 536 689 negotio,
556 614 714 689 superioris
733 615 854 674 editoris
872 618 966 676 vesti·

151 716 214 792 gia,
238 717 337 792 quoad
352 715 426 774 ratio
443 717 491 773 vel
505 715 607 787 ferret,
626 717 675 773 vel
689 726 838 792 posceret,
859 737 964 793 presse

152 818 245 894 sequi.
276 818 378 878 Nihilo
394 817 490 875 minus
505 817 565 875 adii
580 826 639 876 tres
654 818 720 876 illos
736 819 868 892 codices,
889 839 964 896 quo·

152 939 216 978 rum
235 920 350 996 copiam
369 920 441 978 mihi
459 919 529 978 fecit
547 938 563 978 e
581 920 743 996 Lipsiensis
762 922 961 980 bibliothecae

152 1023 318 1082 senatoriae
341 1022 448 1098 copiis,
473 1022 523 1096 qui
546 1020 573 1079 ei
594 1023 674 1080 bona
691 1017 768 1082 nunc
787 1042 853 1081 cum
871 1026 962 1082 laude

152 1134 281 1201 praeest,
308 1127 396 1184 Aem.
418 1123 509 1182 Wilh.
531 1123 608 1181 Rob.
631 1125 825 1183 Naumannus
848 1125 960 1184 officio·

152 1245 215 1286 rum
237 1226 454 1286 necessitudine
476 1225 748 1302 conjunctissimus,
772 1246 882 1302 eosque
900 1227 958 1286 iam

152 1329 221 1388 olim
237 1330 360 1388 collatos
379 1338 409 1387 et
427 1347 567 1387 excussos
583 1348 601 1386 a
615 1327 731 1386 Kortio.
775 1329 812 1386 ln
827 1329 872 1388 his
887 1349 959 1389 vero

152 1413 261 1490 nudum
290 1449 413 1506 usquam
442 1431 598 1508 vestigium
626 1441 776 1507 comparet
803 1431 959 1507 asperioris

151 1532 228 1592 illius
246 1533 478 1608 horridiorisque
497 1534 611 1609 priscae
635 1532 766 1605 dialecti,
800 1551 858 1610 qua
877 1536 958 1592 resti-

151 1645 214 1695 tuta
232 1636 349 1695 demum
368 1635 456 1694 hodie
473 1633 629 1694 Sallustius
648 1636 692 1694 sui
711 1635 812 1694 similis
829 1639 957 1712 complu-

150 1739 226 1800 rium
261 1738 454 1814 quorumdam
486 1737 596 1796 iudicio
628 1737 821 1796 existimatur.
875 1738 957 1814 Quae

150 1861 240 1917 quum
267 1841 309 1899 ita
335 1848 445 1910 essent,
486 1841 522 1896 ab
550 1839 712 1897 Hermanni
740 1839 845 1897 Weisii
872 1841 957 1916 parti-

150 1947 205 2004 bns
236 1944 372 2003 standum
401 1960 464 2000 esse
491 1950 587 2014 ratus,
623 1941 694 2000 eatis
721 1942 826 2012 habui,
862 1951 958 2002 cetera

151 2045 250 2105 omnia
276 2042 426 2121 scriptoris
456 2043 486 2101 in
517 2063 601 2102 usum
634 2063 756 2118 vocare,
788 2064 825 2102 ex
854 2044 956 2119 quibus

150 2167 250 2207 veram
268 2145 346 2206 illius
365 2145 468 2206 faciem
490 2144 593 2204 liceret
611 2164 782 2222 agnoscere.
826 2146 954 2222 Ideoque

150 2260 267 2328 praeter
289 2257 404 2308 ceteros
425 2247 537 2306 Kritzio
565 2247 634 2305 dedi
660 2267 782 2321 nomen,
812 2249 903 2322 quod,
931 2251 953 2308 si

151 2353 216 2430 quis
243 2352 331 2423 alius,
364 2350 411 2409 hic
434 2349 641 2426 potissumum,
672 2349 742 2425 quid
766 2349 804 2408 sit
828 2349 952 2412 Sallustii

152 2475 206 2516 nec
224 2475 276 2529 ne,
302 2455 378 2512 bene
396 2452 576 2528 perspicere,
607 2450 754 2511 aWeisio
773 2459 883 2526 autem,
905 2473 951 2512 ne·

152 2559 214 2618 ecio
233 2555 345 2634 quade
364 2573 468 2612 caussa
485 2551 601 2613 silentio
619 2551 794 2626 praeteritus
813 2562 842 2612 et
859 2557 949 2632 negle-

155 2672 218 2722 ctus
237 2677 299 2720 esse
317 2657 386 2716 mihi
406 2656 571 2716 videbatur.
615 2653 739 2728 Insuper
761 2655 874 2713 accedit
891 2677 948 2716 nar-
