2070 3036
148 247 195 303 tos
299 255 326 300 c.
346 253 402 299 cra.
421 252 626 300 succussu
643 227 798 300 nuruum

145 355 206 421 tiis,
228 356 435 411 seseexercuit:
458 356 496 410 ita
508 357 580 411 inter
590 355 656 410 artis
665 354 752 412 bonas
762 357 904 431 integrum
913 356 955 414 iu·

145 431 260 505 genium
270 431 349 488 brevi
361 431 491 488 adolevit.
530 431 616 504 Ergo,
636 430 686 486 ubi
699 432 822 505 primum
832 433 956 490 tr‘huna·

145 516 204 563 tum
219 508 366 564 militarem
375 526 392 563 a
403 506 505 581 populo
519 508 604 580 petit,
626 507 768 581 plerisque
783 507 884 565 laciem
898 511 956 566 eius

145 584 353 658 ignorantibus,
369 584 449 639 iacile
460 591 554 649 notus,
571 600 621 655 per
630 584 721 640 omnis
732 584 823 640 tribus
834 584 957 642 declara-

146 668 201 716 tur.
241 659 345 716 Deinde
360 661 395 716 ab
410 677 442 715 eo
456 660 619 733 magistratu
633 660 719 716 alium
732 670 795 732 post
805 661 893 717 alium
904 662 957 718 sihi

145 737 267 810 peperit3
293 753 458 809 semperque
475 736 506 790 in
523 737 706 808 potestatibus
723 751 755 792 eo
769 737 853 794 modo
872 739 959 813 agita·

146 812 207 878 bnt,
228 822 258 868 ut
273 812 419 886 ampliore,
440 828 524 884 Qum
538 811 664 886 gerebat,
685 812 788 888 dignus
799 813 957 871 haberetur.

146 891 249 944 Tamen
264 890 303 954 is,
324 889 358 944 ad
373 888 403 944 id
418 888 539 944 locorum
550 889 614 944 talis
624 889 668 944 vir
680 887 753 964 (nam
763 899 858 962 postea
871 891 960 946 ambi·

146 964 220 1021 tione
236 983 367 1038 praeceps
382 964 462 1020 datus
482 963 547 1040 est),
571 965 744 1021 consulatum
760 976 893 1038 appetere
908 984 959 1023 non

147 1041 277 1096 audebat.
297 1043 387 1097 Etiam
397 1050 457 1098 tum
468 1042 537 1097 alios
548 1042 725 1115 magistratus
735 1042 847 1115 plebes,
859 1059 960 1100 consu·

147 1117 233 1173 latum
247 1117 377 1173 nobilitas
392 1118 464 1172 inter
477 1135 507 1173 se
522 1134 571 1191 per
582 1134 680 1173 manus
690 1117 825 1174 tradebat.
865 1120 960 1176 Novus

147 1210 227 1250 nemo
240 1202 296 1248 tam
306 1193 397 1249 clarus
407 1210 497 1266 neque
508 1203 563 1249 tam
574 1194 695 1268 egregiis
706 1192 787 1264 iactis
798 1203 870 1261 erat,
892 1196 960 1268 quin

147 1270 172 1323 is
182 1269 316 1342 indignus
327 1269 375 1324 illo
386 1269 489 1325 honore
499 1270 617 1342 etquasi
627 1270 751 1342 pollutus
762 1271 924 1328 haberetur.

201 1345 296 1401 LXIV.
316 1345 404 1418 Igitur
419 1345 468 1401 ubi
483 1347 586 1400 ilarius
601 1345 758 1418 haruspicis
774 1346 851 1409 dicta
863 1347 961 1404 eodem

148 1421 290 1476 intendere
310 1421 400 1487 videt,
421 1437 477 1493 quo
496 1421 599 1494 cupido
619 1423 705 1477 animi
726 1421 902 1491 hortabatur,
927 1423 961 1480 ab

146 1498 257 1554 Metello
270 1497 386 1570 petundi
401 1499 489 1572 gratia
504 1499 665 1554 missionem
680 1507 771 1574 rogat:
796 1501 842 1556 cui
862 1517 962 1573 quam·

148 1591 231 1646 quarn
242 1575 344 1640 virtus,
367 1573 455 1650 gloria
466 1583 548 1646 atque
559 1575 613 1630 alia
623 1575 742 1648 optanda
753 1573 835 1631 bonis
845 1593 962 1650 supera-

148 1649 228 1718 bant,
252 1659 343 1707 tamen
359 1652 447 1707 inerat
464 1660 634 1725 contemptor
651 1652 761 1708 animus
776 1661 803 1708 et
816 1653 959 1726 superbia,

147 1745 293 1785 commune
304 1727 457 1784 nobilitatis
468 1729 582 1784 malum.
621 1729 716 1800 ltaque
727 1728 865 1801 primum,
887 1747 961 1785 com-

147 1815 238 1860 motus
250 1805 358 1860 insolita
369 1823 414 1870 ra,
430 1805 526 1860 mirari
537 1806 597 1860 eius
608 1805 771 1870 consilium,
782 1813 810 1861 et
820 1807 904 1877 quasi
914 1821 962 1878 per

148 1881 298 1937 amicitiam
310 1898 433 1946 monere,
446 1897 480 1936 ne
491 1889 546 1936 tam
556 1897 641 1952 prava
652 1881 800 1954 inciperet,
813 1897 868 1936 neu
878 1899 962 1955 super

148 1954 285 2012 lortunam
301 1957 424 2012 animum
438 1966 558 2030 gereret:
581 1974 635 2012 non
649 1958 742 2013 omnia
761 1957 893 2012 omnibus
913 1974 962 2012 cu-

147 2032 253 2102 piunda
265 2051 339 2089 esse:
362 2032 463 2088 debere
477 2033 520 2088 illi
531 2051 575 2088 res
586 2050 651 2088 suas
661 2034 729 2089 satis
740 2033 863 2106 placere;
886 2041 962 2105 post-

147 2123 223 2163 remo
237 2117 359 2175 caveret,
382 2109 412 2164 id
427 2117 519 2182 petere
533 2127 548 2164 a
563 2109 667 2181 populo
677 2111 811 2174 Romano,
832 2108 909 2180 quod
920 2108 962 2164 illi

147 2183 209 2239 iure
218 2194 374 2260 negaretur.
404 2185 552 2256 Postquam
567 2183 635 2260 haec
646 2194 728 2259 atque
738 2185 792 2240 alia
802 2185 868 2240 talia
878 2185 960 2248 dixit,

148 2276 239 2332 neque
250 2264 359 2318 animus
369 2261 449 2317 Marii
459 2259 592 2327 flectitur,
607 2262 765 2334 respondit,
779 2259 828 2316 ubi
839 2261 963 2333 primum

148 2337 284 2412 potuisset
297 2355 347 2409 per
361 2338 470 2410 negotia
485 2335 612 2408 publica,
635 2335 771 2393 iacturum
791 2353 865 2403 sese,
890 2353 963 2410 quae

148 2420 262 2486 peteret.
301 2413 341 2465 Ac
354 2421 449 2482 postea
463 2413 575 2484 saepius
589 2412 686 2466 eadem
704 2413 855 2482 postulanti
876 2411 963 2469 fertur

150 2488 268 2549 dixisse,
285 2525 303 2548 „
311 2501 345 2538 ne
357 2483 498 2540 festinaret
508 2485 597 2551 abire;
611 2485 678 2538 satis
688 2493 794 2541 mature
805 2488 887 2543 illum
898 2505 962 2544 cum

150 2563 206 2620 filio
222 2576 271 2615 suo
285 2557 459 2612 consulatum
474 2561 662 2631 petiturum.“
702 2559 728 2610 Is
746 2576 778 2614 eo
793 2570 919 2634 tempore
933 2565 962 2618 in

151 2632 326 2696 contubernio
336 2632 421 2701 patris
432 2632 538 2686 ibidem
547 2627 696 2693 militabat,
716 2648 802 2689 annos
813 2647 896 2693 natus
908 2640 963 2694 cip.

152 2717 219 2772 citer
237 2705 346 2782 viginti.
385 2703 460 2768 Quae
480 2723 525 2759 res
538 2703 658 2760 Marium·
674 2717 760 2772 quum
779 2725 830 2779 pro
845 2711 960 2780 honore,

152 2807 233 2865 quem
252 2777 402 2842 affectabat,
428 2785 487 2832 tum
508 2785 601 2832 contra
618 2774 760 2833 Metellum
780 2783 962 2846 vehementer
