2070 3036
193 235 482 286 mummium.
500 239 579 288 CAP.
600 238 735 286 itt—1⁰8.
821 237 867 289 {39

56 341 198 405 maverit,
224 340 259 396 ab
276 340 391 396 inermis
406 339 526 414 pedibus
547 341 684 398 auxilium
705 353 812 414 petere,
838 345 867 400 iu

56 429 196 472 maxume
215 425 291 474 metu
310 417 416 473 nudum
437 425 464 474 et
483 433 595 474 caenum
614 433 713 490 eorpus
731 419 765 474 ad
781 419 868 475 bustis

58 499 184 548 vertere.
216 493 320 548 Deinde
330 493 477 560 Voluuem,
489 494 621 568 quoniam
633 493 745 549 hostilia
756 494 866 561 iaceret,

57 571 156 623 lovem
168 585 330 625 maxumum
340 569 507 636 obtestatus,
527 579 558 626 ut
567 570 681 626 sceleris
693 579 774 642 utque
783 571 868 644 perfi-

58 645 126 700 diae
136 645 239 701 Buudln
249 646 328 702 testis
341 645 463 712 adesset,
474 663 510 702 ex
519 646 618 702 eastris
628 646 704 701 abire
714 646 803 702 iubet.
817 645 867 703 lile

59 722 222 777 lacrumans
231 739 323 787 orare,
344 740 380 778 ne
395 740 427 778 ea
440 722 577 778 crederet:
598 721 865 790 nihil'dolofactum,

60 813 93 851 ae
110 797 203 870 magis
217 797 370 854 ealliditate
378 797 543 872 iugurthae,
565 798 611 853 uui
622 797 756 854 videlicet
768 815 869 871 specu-

60 874 133 928 lanti
145 874 198 928 iter
207 891 290 929 suum
301 875 443 948 cognitum
454 883 536 930 esset.
576 873 718 939 Ceterum,
736 876 867 947 quoniam

59 963 156 1022 neque
167 949 308 1024 ingentem
319 949 528 1006 multitudinem
538 949 661 1015 haberet,
677 959 704 1006 at
714 965 778 1023 spes
787 963 869 1024 opes-

60 1043 119 1098 que
131 1025 192 1080 eiua
202 1035 422 1099 omnesexpatre
430 1041 482 1082 suu
490 1025 652 1101 penderent,
660 1026 869 1092 eredereinum

62 1101 137 1156 nihil
149 1118 281 1158 ausurum
291 1102 488 1176 palam,qnum
498 1103 559 1176 ipse
571 1101 646 1159 iilius
657 1104 734 1159 testis
744 1103 866 1160 edesset:

62 1195 151 1251 quare
162 1186 307 1250 optumum
322 1176 396 1249 iaetu
410 1177 515 1244 videri,
535 1178 690 1252 permedia
704 1179 765 1236 eiua
780 1189 869 1237 eastra

64 1255 158 1326 palam
169 1254 300 1312 transire:
315 1269 390 1319 sese,
405 1255 450 1311 vel
461 1255 637 1327 praemissis,
652 1256 697 1312 vei
708 1256 814 1312 ibidem
824 1275 869 1314 re-

66 1331 141 1386 iistis
151 1331 269 1396 Mauris,
290 1331 379 1387 solum
392 1346 456 1386 eum
467 1330 545 1388 Sulla
555 1330 670 1387 iturum.
709 1332 818 1400 Renes,
838 1341 870 1389 ut

66 1408 94 1461 in
106 1406 155 1462 tali
166 1407 290 1481 negotio,
312 1407 439 1480 proheta,
460 1407 596 1464 aestatim
606 1407 736 1481 profecti,
775 1407 868 1466 uiede

65 1483 221 1556 improvisu
230 1492 410 1549 accesserant,
423 1483 510 1540 dubio
520 1425 869 1560 etquehaesitanteqlugur-

65 1559 127 1622 tha,
153 1559 307 1614 inuotumes
326 1567 480 1616 transeunt.
519 1558 624 1615 Deinde
639 1561 738 1632 paucis
756 1561 867 1628 diebus,

65 1651 122 1708 quo
132 1635 173 1689 ire
182 1634 370 1701 intenderant,
382 1642 548 1708 perventum
558 1643 609 1690 est.

123 1710 213 1766 cvlss.
234 1711 276 1767 Ibi
292 1729 355 1768 cum
370 1710 477 1767 Boccho
490 1709 610 1765 Numida
631 1708 760 1782 quidam,
780 1709 869 1784 Asper

68 1787 194 1852 nomine,
216 1787 336 1843 multum
346 1794 373 1843 et
383 1786 556 1843 familiariter
567 1786 679 1860 agebat,
698 1787 869 1859 praemissus

68 1863 103 1918 ab
112 1863 255 1937 Iugurtha,
267 1871 414 1936 postquem
424 1862 531 1919 Sullam
537 1864 654 1919 accitum
661 1862 795 1929 audierat,
807 1879 870 1920 ora-

68 1949 122 2004 tor,
140 1947 167 1993 et
176 1939 294 1995 subdole
304 1940 478 2012 speculatum
486 1939 587 1995 Bocchi
597 1938 724 1996 consilia:
746 1947 870 2011 praeter-

68 2031 99 2070 en
112 2014 214 2080 Dabar,
235 2013 430 2090 Massugradae
445 2015 535 2081 filius,
557 2031 590 2072 ex
604 2023 686 2090 geute
695 2014 867 2081 Masinissae,

69 2099 188 2146 ceterum
204 2100 326 2148 materno
341 2109 442 2168 genere
457 2092 560 2164 impar,
583 2109 648 2148 uam
663 2099 740 2163 pater
757 2091 819 2146 eius
834 2105 870 2147 ex

68 2167 221 2223 concubina
230 2176 307 2224 ortus
322 2177 393 2238 erat;
415 2169 510 2226 Mauro
524 2168 560 2224 ub
573 2167 681 2242 ingenii
696 2165 783 2223 multa
797 2166 869 2223 buna

69 2257 147 2300 carus
161 2252 356 2317 acceptusque.
395 2243 484 2312 Quem
497 2245 622 2301 Bocchus
637 2242 723 2298 fidum
738 2243 868 2300 Romanis

69 2319 162 2376 multis
173 2329 235 2376 ante
245 2320 457 2393 tempestatibus
468 2329 612 2394 expertus,
629 2320 706 2375 illico
716 2319 750 2374 ed
761 2319 869 2376 Sullam

69 2398 229 2453 nunciatum
240 2397 334 2462 mittit,
347 2404 473 2468 paratum
484 2413 545 2452 sese
555 2395 654 2461 iacere,
666 2411 737 2467 quae
747 2397 868 2469 populus

69 2474 206 2529 Romanus
216 2473 315 2528 vellet:
328 2470 467 2543 colloquio
476 2470 562 2538 diem,
573 2471 674 2536 iocum,
687 2479 798 2545 tempus
807 2473 868 2544 ipse

71 2549 221 2624 delegeret:
244 2547 369 2604 consulta
384 2563 446 2602 sese
460 2548 553 2603 omnia
568 2563 631 2603 uum
641 2547 691 2602 ilie
701 2547 807 2622 integra
818 2547 869 2602 ha-

71 2625 147 2695 here;
170 2642 204 2680 ue
213 2624 363 2699 iugurthae
379 2623 500 2697 legatum
514 2623 734 2696 pertimesceret;
755 2639 868 2696 queres

72 2701 224 2758 cummunis
239 2700 369 2755 licentius
383 2705 537 2774 gereretur3
559 2713 624 2755 nam
639 2698 675 2755 ab
685 2698 796 2754 insidii‘·
825 2699 831 2709 '

71 2777 147 2835 aliter
157 2777 249 2833 caveri
264 2775 437 2850 nequivisse.
477 2774 534 2832 Sed
548 2791 600 2852 ego
614 2775 749 2848 comperis
