2058 3032
137 195 153 245 b
342 199 368 246 C.
389 201 518 248 CRISPI
536 199 743 248 santonum

138 309 209 366 erat,
224 300 254 356 in
265 303 362 358 castris
372 298 475 360 laboris
484 319 538 358 usu
549 300 678 358 militIam
688 301 826 364 discebat:
844 300 943 376 magis·

137 393 193 448 que
207 377 237 432 ln
252 375 359 436 decoris
374 379 458 434 armis
472 386 498 434 et
515 377 683 437 militaribus
698 379 793 450 equis,
814 394 898 450 quem
915 378 942 450 ip

137 453 236 510 scortis
251 462 333 525 atque
347 455 498 522 conviviis,
524 453 679 510 lubidinem
702 453 854 520 habebant:
890 453 944 508 1·-

137 537 182 590 tnr
195 528 300 586 talibus
316 530 384 589 viris
399 547 453 589 non
464 529 541 593 labos
553 531 697 596 insolitus,
718 548 774 595 non
785 531 861 597 loeus
872 469 944 600 ulida

137 623 218 679 asper
234 615 281 663 aut
294 605 398 672 arduus
414 613 483 670 erat,
505 623 558 662 non
574 614 694 662 armatus
708 605 797 664 hostis
814 603 945 678 formido·

137 681 227 742 loeus:
255 683 345 742 virtus
360 682 453 738 omnia
467 681 620 741 domuerat.
660 680 716 738 Sed
730 682 835 756 gloriae
849 698 945 752 maxu-

136 775 214 817 mum
229 765 365 816 certamen
380 759 452 814 inter
465 758 541 832 ipsos
561 765 631 813 erat:
660 759 702 812 sio
717 775 747 814 se
762 757 882 832 quisque
897 756 946 813 ho-

136 843 208 894 stem
219 834 314 900 ferire,
336 851 446 890 murum
458 833 640 899 adscendere,
657 834 795 908 conspici,
815 832 883 902 duna
893 833 946 891 talo

137 908 245 969 lacinus
256 909 371 976 Iaceret,
383 909 561 982 properabat:
577 926 624 965 eas
635 909 763 975 divitias,
776 925 836 968 eom
846 909 946 974 bonam

136 985 238 1042 lamam
262 1002 445 1059 magnamque
472 985 644 1042 nobilitatem
672 984 819 1058 putabant:
855 984 946 1046 landis

137 1060 227 1127 avidi,
248 1063 383 1134 pennulae
398 1061 527 1118 liberales
543 1069 632 1117 erant:
659 1061 776 1135 gloriam
794 1061 945 1134 Ingentem,

136 1136 250 1199 divitias
262 1137 389 1202 honestas
399 1136 539 1196 volebant.
579 1137 728 1206 Memorare
738 1153 862 1210 possem,
882 1137 947 1212 qui-

136 1212 228 1268 busin
238 1213 306 1272 loeis
320 1229 464 1274 maxumas
479 1213 600 1271 hostium
611 1213 704 1284 oopIas
714 1213 836 1287 populus
846 1213 943 1270 Itoma-

136 1303 189 1343 nus
198 1304 284 1360 parva
294 1305 379 1354 manu
389 1287 501 1355 fuderit,
519 1288 691 1360 quasurbes‚
707 1289 944 1356 naturamunitas.

135 1363 285 1496 puplnando
297 1364 432 1437 eoeperit,
454 1365 483 1419 ni
498 1380 530 1419 ea
543 1380 587 1419 res
601 1363 711 1438 longius
726 1381 776 1420 nos
790 1365 825 1424 nb
835 1364 947 1438 lnoopto

136 1447 161 1496 tr
199 1448 273 1496 eret..

191 1516 261 1573 VIII.
283 1513 338 1572 Sed
354 1515 475 1588 profante
489 1516 597 1574 fortuna
607 1516 637 1572 in
647 1515 723 1572 omni
733 1534 763 1572 re
773 1514 946 1584 dominatur:

136 1610 167 1648 ea
178 1609 221 1658 res
232 1600 345 1648 cunctas
355 1609 391 1648 ea
401 1592 529 1651 lubidine
539 1594 642 1669 magis,
661 1609 745 1666 quam
756 1609 792 1652 ex
801 1608 880 1657 vero,
901 1609 949 1647 ee-

137 1668 224 1736 lebret
234 1668 429 1742 obscuratque.
469 1670 680 1737 Atheniensium
696 1685 740 1726 res
755 1676 862 1742 gestae,
890 1669 950 1723 sic-

135 1747 176 1801 uti
186 1762 238 1818 ago
248 1747 409 1810 existumo‚'
421 1748 489 1802 satis
499 1745 606 1818 amplae
621 1743 840 1818 magnificaeque
853 1741 947 1814 iuere;

136 1835 232 1885 varum
248 1822 389 1894 aliquanto
403 1821 523 1882 minores
538 1831 643 1885 tamen,
665 1835 749 1892 quam
764 1819 837 1876 lama
851 1817 950 1886 lerun-

135 1902 190 1953 tur.
229 1895 284 1954 Sed
304 1897 371 1969 quia
385 1913 536 1968 provenere
550 1895 592 1955 ibi
606 1895 772 1968 scriptorum
787 1912 889 1970 magna
903 1896 951 1964 ip-

134 1970 230 2044 genia,
255 1989 306 2044 per
320 1980 454 2040 terrarum
467 1972 562 2028 orbem
578 1969 789 2036 Atheniensium
804 1971 875 2028 lacta
896 1989 951 2046 pro

134 2047 273 2116 maxumis
293 2048 477 2104 celebrantur.
521 2049 561 2104 lta
582 2065 690 2115 eorum.
722 2048 822 2121 quiea
843 2045 949 2114 fecere,

134 2121 223 2178 virtus
234 2129 308 2179 tanta
317 2123 443 2190 habetur,
451 2132 585 2196 qnantum
595 2123 690 2180 verbis
701 2141 762 2184 eam
771 2132 886 2198 potuere
897 2142 952 2186 ex-

133 2196 228 2254 tollere
243 2199 385 2271 praeclara
399 2201 522 2274 ingenia.
561 2199 596 2258 dt
608 2205 712 2276 populo
726 2200 847 2258 Romano
861 2218 951 2270 nnm-

133 2289 217 2347 quam
235 2291 267 2329 ea
281 2276 361 2347 copia
379 2275 446 2342 luit,
475 2275 541 2349 qnia
560 2277 804 2349 prudentissumus
823 2277 951 2351 quisque

133 2366 262 2411 maxume
275 2351 436 2424 negotiosus
452 2360 521 2417 erat.
543 2351 688 2427 Ingenium
703 2369 783 2408 nemo
802 2354 863 2412 sine
882 2371 951 2424 nor-

134 2443 200 2501 pore
214 2427 373 2492 exercebat,
393 2435 524 2501 optumus
540 2429 661 2503 quIsque
674 2428 779 2491 lacere.
800 2447 883 2519 guam
900 2430 951 2489 di-

135 2521 209 2570 cere,
227 2521 278 2563 sua
288 2503 323 2572 ab
334 2504 397 2563 aliis
407 2503 478 2562 bene
488 2504 560 2562 iaota
569 2505 691 2574 laudari,
707 2522 792 2579 quam
801 2523 862 2581 rpee
872 2507 951 2566 olio·

135 2599 196 2638 rum
206 2597 325 2645 narrare,
339 2578 470 2644 malebat.

116 2661 123 2668 “
192 2657 239 2727 IX.
259 2657 345 2732 Igitur
359 2653 433 2711 domi
449 2655 621 2725 militiaeque
635 2654 701 2710 boni
711 2672 801 2712 mores
811 2655 950 2716 noleban-

138 2744 194 2806 tur;
220 2728 363 2798 eoncordia
375 2745 518 2794 maxuma.
539 2728 664 2785 minuma
674 2731 789 2788 avaritia
799 2737 870 2787 eret:
895 2731 949 2788 ius

554 2897 700 2976 f&w
