2080 3030
265 209 553 258 IUGURTHINUM.
580 211 658 257 CAP.
678 212 698 254 l.
799 249 803 258 .
869 208 899 258 bl

87 327 187 384 quum
206 312 368 382 praesertim
380 329 478 368 omnes
493 329 584 368 rerum
599 312 764 368 mutationes
778 311 900 378 caedem,

89 387 205 460 lugam,
219 387 356 453 incendia,
370 388 479 459 aliaque
490 389 601 443 hostilia
611 389 787 460 portendant3
802 388 902 446 frustra

89 471 192 518 autem
207 461 272 528 niti¹
299 480 390 536 nequo
405 464 481 519 aliud
496 481 528 519 se
543 463 698 536 fatigando,
721 465 776 518 nisi
795 464 900 528 odium,

88 555 245 610 quaerere,
268 547 405 595 extromae
421 539 575 610 dementiae
590 548 644 607 est;
667 541 722 594 nisi
737 539 805 594 lorts
819 558 902 612 quem

90 614 243 670 inhonesta
260 623 287 670 st
301 617 457 687 perniciosa
472 615 568 672 lubido
577 623 665 679 tenet,
683 617 821 686 potentiae
832 633 903 688 pau·

90 708 195 746 corum
206 689 290 746 decus
302 699 384 764 atque
395 691 549 748 libertatem
560 709 638 747 suam
649 690 809 764 gratificari.

154 766 200 822 IV.
213 765 340 822 Ceterum
351 785 386 823 ax
397 767 461 826 aliis
471 769 604 841 negotiis,
616 783 688 838 quas
699 767 812 841 ingenio
823 784 903 823 exer-

92 850 209 906 centur,
224 842 254 897 in
263 844 362 915 primis
373 861 473 917 magno
482 844 547 899 usui
559 852 600 904 est
609 844 741 900 memoria
750 859 843 899 rorum
853 859 904 917 ge-

92 926 216 974 starum:
238 921 318 973 ouius
329 919 475 974 devirtute
485 920 552 992 quia
562 919 642 974 multi
655 918 764 984 dixere,
781 927 904 991 praetor-

94 993 221 1051 eundum
232 1003 312 1066 puto;
333 996 417 1051 simul
429 1012 463 1050 ns
474 1012 523 1068 per
532 996 706 1052 insolentiam
721 995 786 1067 quis
797 996 903 1052 existu-

95 1077 154 1126 met
168 1079 270 1132 memet
283 1071 408 1127 studium
421 1088 514 1126 mcum
525 1070 663 1126 laudando
673 1071 815 1128 extollere.
854 1071 903 1127 rit-
949 1088 952 1104 ·

94 1163 153 1218 que
167 1162 219 1220 ego
234 1146 317 1202 credo
331 1146 403 1212 fore,
426 1148 491 1220 qui,
513 1149 579 1219 quia
594 1147 706 1203 decrevi
720 1147 817 1220 procul
830 1165 845 1202 a
858 1165 903 1203 re-

96 1221 212 1294 publica
222 1231 339 1278 aetatem
349 1240 444 1298 agere,
460 1232 535 1279 tanto
546 1233 657 1296 tamque
668 1223 731 1279 utili
744 1222 831 1278 labori
842 1241 903 1279 meo

96 1314 197 1354 nomen
209 1299 324 1354 inertiae
334 1300 490 1372 imponant:
503 1308 590 1365 certa,
602 1300 706 1372 quihus
718 1316 848 1356 maxuma
858 1301 903 1356 in-

96 1373 205 1432 dustria
215 1375 336 1441 videtur,
349 1376 469 1432 salutare
477 1376 590 1448 plebem
600 1384 627 1442 et
637 1376 775 1432 conviviis
785 1378 900 1450 gratiam

96 1467 240 1523 quaerere.
271 1450 324 1518 Qui
334 1453 570 1524 amputaverint,
583 1451 724 1524 atquibus
735 1467 786 1526 ego
796 1461 903 1525 tempo-

95 1526 176 1582 ribus
191 1527 367 1601 magistratus
381 1529 497 1600 adeptus
508 1529 580 1592 bim,
605 1536 632 1582 et
647 1528 743 1600 quales
758 1529 813 1584 viri
827 1515 902 1584 idem

96 1604 210 1675 assequi
220 1605 411 1676 nequiverint,
424 1613 451 1658 et
460 1612 554 1674 postea
564 1620 636 1674 quae
646 1619 747 1676 genera
758 1603 902 1660 hominum

97 1680 126 1734 in
137 1687 262 1735 senatum
276 1681 466 1752 pervenerint3
484 1678 606 1751 prolecto
620 1679 843 1745 existumabunt,
859 1698 903 1736 me

98 1756 187 1830 magis
201 1757 313 1821 merito,
339 1773 423 1827 quam
438 1754 565 1828 ignavia,
590 1753 728 1810 iudicium
746 1755 832 1810 animi
847 1757 902 1812 mei

98 1832 265 1898 mutavisse,
281 1833 427 1904 maiusque
438 1829 615 1886 commodum
623 1847 658 1888 ex
667 1832 723 1887 otio
732 1847 806 1896 meo,
818 1848 903 1908 quam

98 1925 133 1964 ex
143 1907 259 1964 aliorum
268 1907 741 1982 negotiis,reipublicaoventurum.
762 1908 903 1964 Namsae-

98 1999 193 2058 pesga
203 1983 309 2050 audivi,
325 1983 358 2052 Q.
369 1985 541 2049 Maxumum,
555 1984 586 2038 P.
598 1981 768 2056 Scipionem,
780 1993 903 2057 praeter-

99 2077 131 2116 ea
149 2059 270 2116 civitatis
289 2068 398 2116 nostrae
417 2060 573 2132 praeclaros
590 2061 665 2117 viros
685 2060 781 2116 solitos
800 2059 837 2117 ita
858 2061 902 2117 di-

99 2154 168 2201 cere,
179 2153 268 2209 quum
278 2137 413 2190 maiorum
419 2137 556 2210 imagines
561 2137 744 2204 intuerentur,
751 2137 902 2194 vehemen-

100 2214 212 2270 tissume
226 2213 283 2268 sibi
299 2211 423 2268 animum
433 2212 468 2268 ad
478 2213 610 2268 virtutem
624 2211 748 2269 accendi.
789 2211 902 2270 Scilicet

100 2307 152 2344 non
167 2305 258 2346 ceram
274 2288 351 2344 illam
367 2305 457 2360 nequo
473 2287 590 2362 figuram
605 2297 709 2346 tantam
722 2289 781 2344 vim
794 2289 824 2346 in
839 2308 902 2346 soso

100 2365 211 2434 habers3
233 2365 282 2422 sed
295 2365 426 2420 memorie
436 2382 528 2421 rerum
542 2373 682 2439 gestarum
693 2382 754 2420 eam
763 2363 901 2422 flammam

100 2441 217 2514 egregiis
227 2442 296 2497 viris
307 2441 337 2496 in
346 2449 457 2512 pectore
466 2458 604 2506 crescere,
623 2457 714 2513 neque
726 2443 806 2515 prius
819 2442 901 2498 seda-

11 2521 13 2536 ·
101 2517 316 2588 ri,quamvirtus
326 2533 420 2572 eorum
432 2515 533 2572 lamam
544 2525 626 2590 atqua
635 2517 751 2591 gloriam
762 2517 902 2590 adaequa-

102 2592 176 2647 verit.
197 2591 232 2648 At
242 2601 345 2658 contra,
357 2594 422 2664 quis
432 2600 475 2648 est
483 2593 618 2658 omnium,
631 2593 819 2659 humoribus,
832 2596 900 2665 quin

102 2667 205 2724 divitiis
216 2676 243 2724 et
252 2669 424 2742 sumptibus,
439 2686 494 2725 non
505 2670 640 2740 probitate
651 2687 740 2742 neque
752 2669 899 2732 industria,

101 2761 160 2800 cum
170 2743 320 2802 maioribus
330 2745 390 2800 suis
400 2745 563 2802 commodat?
582 2745 898 2874 Etiamlbominesnovi

719 2825 735 2878 2

495 2971 575 3002 Α
