2070 3036
165 195 198 248 96
319 200 345 246 0.
366 200 421 246 CR.
443 200 650 246 sALLUsTfl
669 201 822 248 BELLUM

165 302 291 358 cohortes
311 317 374 356 cum
393 300 469 356 omni
488 300 612 372 equitatu
628 300 799 373 praesidium
820 304 983 378 agitabunt:

165 378 420 450 exercituspertem
430 375 505 449 ipse.
521 376 645 449 reliquos
654 377 758 433 Murius
770 378 904 435 ducebat.
927 379 983 436 Sed

164 454 225 529 igni
236 454 340 527 magis,
355 468 440 524 quem
449 452 645 526 proede,eger
654 453 824 509 vastabatur.
866 455 982 512 Duobus
1019 467 1020 522 1

165 530 248 594 locis,
268 529 342 584 haud
354 527 570 602 longeinterse,
592 535 681 584 cestra
694 526 844 586 faciebant.
887 530 943 586 Ubi
955 533 982 586 vi
1019 535 1020 594 ζ

164 623 234 679 opus
244 612 315 669 eret,
337 605 428 660 cuncti
440 602 567 660 ederent:
589 612 725 670 ceterum,
748 621 804 677 quo
817 604 884 680 fuge
898 615 980 680 utque

165 681 283 738 formido
298 681 381 735 letius
397 688 545 745 cresceret,
567 678 673 736 diversi
690 679 819 754 egebunt.
859 683 901 738 Eo
911 693 982 737 tem·
1019 719 1020 722 η

164 775 230 830 pore
248 754 380 830 Iugurtha
400 755 546 829 percellis
565 755 661 828 sequi:
687 764 797 830 tempus
818 765 866 812 aut
887 757 979 813 locum

165 849 274 908 pugnae
285 847 430 905 quuerere3
444 839 654 904 queventurum
665 831 773 888 hostem
783 831 922 898 audierat,
930 851 982 907 pe-

161 911 262 969 butum
272 916 299 963 et
309 925 444 981 aquenum
455 906 558 973 fontes,
573 907 820 980 quorumpenuriu
830 917 904 974 eret,
921 927 980 966 cor-
1019 909 1020 914 ’

164 1001 305 1057 rumpere:
327 983 447 1040 modone
457 983 581 1049 Metello,
598 983 738 1039 interdum
749 983 834 1040 Mario
847 985 979 1042 ostende-

164 1079 205 1129 re3
231 1068 383 1132 postremos
396 1060 425 1114 in
436 1061 553 1134 agmine
561 1067 680 1125 tentare,
702 1077 734 1115 eo
748 1061 840 1117 stetim
852 1061 882 1116 in
894 1061 979 1120 colles
1019 1129 1020 1136 ἵ

164 1135 288 1209 regredi3
301 1152 398 1190 eureus
409 1135 486 1202 eliis,
499 1145 561 1208 poet
570 1135 633 1192 eliis
644 1136 781 1192 minitari:
794 1153 980 1212 nequepree·

165 1213 233 1266 lium
246 1211 349 1276 fecere,
371 1227 461 1284 neque
471 1213 558 1268 otium
573 1212 644 1284 puti3
668 1211 858 1268 tantummodo
869 1211 978 1270 hostem

165 1287 199 1342 eb
211 1289 320 1360 incepto
335 1286 463 1343 retinere.
1019 1349 1020 1358 χ

220 1363 287 1419 LVI.
308 1363 447 1420 Romanus
461 1364 610 1436 imperator
621 1362 669 1418 ubi
681 1379 712 1418 se
721 1361 793 1419 dolie
808 1362 924 1438 fatigari
935 1367 979 1420 vi-

164 1440 224 1503 det,
246 1455 336 1511 neque
353 1438 388 1494 ab
403 1439 481 1495 hoste
496 1432 604 1512 copieni
623 1438 766 1512 pugnandi
782 1437 858 1504 tieri,
880 1439 978 1498 urbem

164 1531 307 1589 magnum,
329 1515 394 1570 etin
407 1522 539 1588 superte,
562 1531 616 1587 que
627 1515 679 1570 situ
690 1523 761 1579 erut,
783 1531 875 1571 urcem
887 1517 977 1590 regni,

164 1595 273 1647 nomine
288 1593 411 1658 Zamam,
433 1591 529 1647 statuit
542 1607 717 1664 oppugnar03
744 1599 833 1656 ratus,
856 1591 887 1647 id
903 1593 977 1666 quod
1020 1637 1021 1648 ,

165 1667 305 1742 negotium
316 1667 460 1739 poscebat,
482 1667 643 1741 Iugurtham
655 1665 920 1724 laborantibus-suis
931 1687 979 1724 eu·
1020 1669 1021 1728 ἶ

165 1744 233 1799 xiiio
243 1752 406 1808 venturum,
419 1742 517 1816 ibique
527 1742 663 1815 proelium
676 1741 743 1798 fore.
784 1741 818 1799 At
827 1743 892 1810 ille,
908 1761 979 1818 quoe
1020 1773 1021 1816 j

165 1820 344 1892 parabuntur,
375 1818 531 1892 eperiugis
546 1817 673 1883 edoctus,
699 1818 809 1892 mugnis
827 1818 979 1878 itineribus
1020 1851 1021 1888 ῃ

164 1894 303 1952 Metellum
324 1897 474 1952 antevenit.
514 1893 675 1967 Oppidanos
698 1894 836 1959 hortetur,
868 1897 978 1953 moenie

165 1970 329 2036 defendent,
351 1970 454 2027 additis
470 1970 577 2026 auxilio
591 1969 730 2044 perfugis3
753 1969 829 2043 quod
842 1987 936 2046 genus
946 1991 978 2028 ex

165 2048 253 2121 copiis
263 2047 347 2123 regis,
359 2047 425 2120 quie
436 2046 532 2103 follere
540 2045 683 2119 nequibat,
697 2045 899 2102 firmissumum
912 2059 976 2104 erut.
1020 2085 1021 2096 ,

165 2126 304 2180 Praetereo
314 2123 476 2196 pollicetur,
498 2122 527 2178 in
543 2129 667 2195 tempore
680 2129 767 2177 semet
777 2139 840 2178 oum
849 2125 976 2182 exercitu
1020 2117 1021 2130 ¹

165 2199 269 2256 adfore.
309 2201 347 2255 itu
359 2199 519 2272 compositis
530 2197 629 2264 rebus,
640 2197 741 2254 in-ioce
751 2213 835 2272 wem
847 2215 977 2258 mexume

165 2277 271 2332 occulte
287 2274 419 2352 discedit,
446 2291 478 2330 uc
492 2282 555 2347 poet
573 2273 667 2348 paullo
682 2275 837 2350 cognoscit,
860 2277 978 2334 Marium

166 2369 199 2408 ex
215 2351 314 2408 itinere
329 2350 526 2406 frumentatum
544 2367 607 2407 cum
626 2351 724 2425 peucie
739 2349 903 2408 cohortibus
919 2351 979 2410 Sic-

165 2435 225 2483 o'em
245 2428 376 2482 missurn:
398 2426 473 2500 quod
490 2426 625 2500 oppidum
640 2427 762 2501 primum
777 2427 904 2486 omnium
919 2439 978 2504 post

166 2503 266 2560 molem
283 2517 406 2576 pugnum
422 2501 457 2558 eb
473 2520 538 2578 rege
550 2502 699 2560 deiecerat.
738 2501 777 2559 Eo
788 2519 852 2560 oum
863 2504 978 2564 delectis

166 2577 309 2652 equitibus
324 2586 407 2634 noctu
421 2579 526 2654 pergit,
549 2588 575 2634 et
589 2581 645 2634 iem
660 2577 871 2653 egredientibus
881 2581 979 2639 Rome·

167 2656 211 2710 nis
221 2654 250 2708 in
262 2661 339 2727 portu
349 2671 473 2728 pugnum
483 2655 561 2710 fecit:
583 2656 666 2710 simut
679 2671 778 2730 magne
788 2672 856 2711 uoce
867 2655 978 2714 Siccen-

167 2747 211 2788 ees
231 2729 368 2797 hortetur,
395 2731 434 2786 uti
455 2731 580 2786 cohortes
598 2731 633 2787 ob
649 2739 725 2804 tergo
745 2731 977 2790 circumvenimur
