2058 3032
224 190 515 238 IUGURTHtNUM.
535 191 613 236 err.
634 191 744 242 20-21.
852 181 887 238 ut

74 309 162 366 gnum
171 289 340 347 Adherbalis
351 291 474 346 animum
485 291 616 347 intendit.
636 293 699 364 lpse
710 309 786 358 aoer,
801 292 886 348 helli-

12 381 13 384 ’
72 384 171 435 cosue3
183 375 211 422 at
221 369 255 432 is,
266 384 350 439 quem
359 366 479 438 petebat,
491 368 614 439 quietus,
627 367 761 434 imbellis,
773 369 885 441 placido

11 463 12 488 t
73 443 203 516 ingenio,
214 451 387 515 opportunus
398 442 532 508 iniuriae,
544 452 671 498 metuens
683 445 786 518 magis,
800 461 883 516 qusru

71 517 251 574 metuendus.
291 518 379 591 Igitur
388 535 424 573 ex
432 519 586 590 improviso
599 517 668 574 lines
679 520 740 576 eius
751 537 815 574 oum
824 537 885 574 nra-

11 659 12 662 *
71 611 128 668 gna
143 611 228 649 manu
244 592 365 662 invadit;
387 592 490 649 multos
504 594 634 651 mortales
649 612 713 651 oum
726 611 826 668 pecore
843 605 885 650 at-

70 687 128 742 que
144 668 199 724 alie
213 669 316 740 praeda
332 669 420 740 oepit,
446 668 572 725 aedificia
590 671 729 736 incendit,
750 669 884 743 pleraque

71 746 132 800 losa
153 744 291 801 hostiliter
320 761 384 799 oum
412 746 537 817 equitatu
555 745 675 811 secedit,
698 745 800 802 deiude
820 763 883 801 eum

69 822 149 876 omni
160 819 341 875 multitudine
350 821 379 874 in
389 837 507 893 regnum
517 838 599 876 suum
611 823 761 886 convertit,
776 823 884 877 existu-

70 914 166 960 mans,
193 894 379 950 Adherbalem
399 895 494 951 dolore
513 905 668 968 permotum
686 898 803 952 iniurias
818 913 883 951 suas

70 987 157 1026 manu
169 971 385 1035 vindicaturum,
400 987 518 1043 eamque
529 989 586 1027 rom
598 972 665 1027 belli
676 989 802 1028 caussam
813 971 881 1027 lore.

68 1047 106 1103 At
120 1046 185 1110 itte.
208 1045 282 1118 quod
296 1063 388 1118 neque
402 1064 433 1102 se
447 1063 542 1119 parem
557 1048 642 1102 armis
656 1048 841 1103 existumabat
856 1057 883 1102 et

70 1121 195 1178 amicitia
207 1121 304 1193 populi
314 1122 431 1177 Romani
440 1123 540 1196 magis,
552 1122 782 1195 quamNumidis,
796 1123 882 1178 fretus

69 1207 140 1262 erat,
151 1197 256 1270 legatae
267 1196 302 1252 od
312 1197 474 1270 Iugurtham
486 1197 520 1253 de
529 1199 642 1254 iniuriis
652 1209 783 1270 questum
794 1199 881 1256 misit.

70 1273 126 1340 Qui
138 1273 249 1328 tametsi
259 1273 458 1328 contumeliosa
474 1272 547 1328 dieto
561 1274 725 1338 retulerant,
748 1275 827 1348 prius
842 1284 883 1330 ta·

70 1367 135 1404 men
146 1348 239 1404 omnia
250 1348 307 1420 pati
318 1347 455 1414 decrevit,
468 1365 553 1420 quam
564 1348 669 1404 bellum
680 1366 803 1414 sumere,
816 1350 883 1421 quia

69 1433 208 1482 tentatum
223 1433 302 1480 antea
316 1441 397 1480 seous
412 1433 542 1480 cesserat.
581 1426 677 1496 Neque
688 1441 720 1480 eo
730 1425 819 1499 magis
833 1442 883 1480 eu-

69 1501 139 1574 pido
153 1499 304 1573 Iugurthae
322 1498 513 1555 minuebatur:
534 1500 640 1572 quippe
655 1501 703 1572 qui
719 1509 805 1556 totum
822 1501 883 1556 eius

70 1592 191 1652 regnum
202 1576 295 1630 animo
304 1576 361 1630 ism
371 1576 521 1631 invaserat.
551 1575 646 1646 ltaque
657 1593 726 1640 non,
739 1578 779 1632 uti
792 1584 880 1640 antea,

69 1670 136 1708 cum
148 1650 321 1723 praedatoris
332 1667 430 1716 manu,
452 1650 502 1706 sod
517 1667 617 1724 magno
631 1651 754 1706 exercitu
770 1668 883 1722 eompa-

69 1737 129 1784 rato
140 1726 247 1782 bellum
257 1742 353 1799 gerere
362 1727 467 1798 coepit,
489 1733 516 1781 et
530 1734 623 1798 operte
637 1727 722 1782 totius
735 1727 883 1782 Numidiae

68 1803 222 1876 imperium
240 1809 345 1874 petere.
378 1802 527 1866 Ceterum,
549 1818 604 1874 qua
619 1801 765 1875 pergebat,
788 1801 881 1868 urbes,

69 1895 153 1953 egros
162 1886 285 1940 vastare,
296 1876 413 1948 praedas
423 1893 518 1952 ogere3
534 1878 742 1942 miserrimum,
755 1876 883 1934 hostibus

70 1965 326 2024 terroremaugere.

128 2029 208 2084 XXI.
226 2027 367 2084 Adherbal
378 2027 429 2083 uhi
439 2028 591 2100 intellegit,
608 2044 640 2083 eo
650 2043 825 2098 processum,
843 2029 883 2084 uti

72 2119 192 2178 regnum
212 2111 260 2159 aut
277 2103 493 2176 relinquendum
508 2111 580 2159 esset
594 2111 641 2158 aut
657 2103 741 2156 armis
762 2103 884 2159 retinen-

72 2181 157 2245 dum,
184 2180 340 2236 necessario
358 2177 460 2254 copiss'
471 2187 551 2253 parat
569 2187 596 2235 et
613 2177 762 2252 iugurthae
782 2178 883 2235 obvius

11 2295 12 2302 .
73 2254 210 2328 procedit.
250 2256 363 2312 interim
377 2256 453 2312 houd
468 2257 550 2329 longe
564 2272 580 2310 a
595 2255 664 2309 mari
680 2269 766 2328 prope
781 2253 884 2311 Cirtam

72 2330 212 2406 oppidum
223 2331 370 2404 utriusque
379 2333 519 2388 exereitus
529 2330 667 2396 consedit3
689 2339 730 2397 et,
750 2330 884 2402 quiadiei

73 2416 232 2464 extremum
247 2415 319 2472 orat,
346 2408 483 2480 praelium
498 2423 552 2462 non
566 2407 718 2479 inceptum.
759 2407 814 2463 Sed
835 2406 885 2462 uhi

73 2483 242 2557 plerumque
253 2483 342 2538 noetis
351 2483 495 2555 processit,
509 2481 628 2537 obscuro
638 2482 720 2537 etiam
730 2490 790 2538 turn
800 2483 886 2538 lumi-

74 2575 124 2623 ne,
146 2557 251 2612 milites
265 2558 438 2631 Iugurthini,
459 2555 540 2631 signo
556 2556 634 2622 dato,
656 2567 744 2614 eastra
764 2558 886 2613 hostium

73 2633 227 2700 invadosa
251 2633 433 2689 semisomnos
444 2633 558 2704 partim,
579 2633 649 2689 alios
660 2651 735 2690 arma
745 2641 886 2692 sumentes

75 2709 175 2784 fugant
185 2706 372 2782 funduntque.
403 2707 542 2765 Adherbal
559 2725 622 2764 curn
636 2711 733 2840 papeis
744 2707 881 2780 equitibu‘
