2070 3036
191 289 193 294 ι
239 220 763 270 1UGURTH1NUM.0A1³.tt—le.
861 216 894 266 aa

75 324 161 380 diurn
175 324 323 396 imposuit;
349 331 490 395 praeterea
509 324 659 397 imperavit
678 323 846 381 frumentum
867 332 894 379 et

75 400 149 465 alia,
171 415 244 471 quae
259 398 332 454 bello
348 399 413 453 usui
429 399 531 466 forent,
545 407 735 473 ¹comportare:
760 408 836 456 ratus
851 399 891 464 id,

11 539 12 550 χ
74 475 157 548 quod
167 491 213 530 res
224 473 362 539 monebat,
374 473 558 547 frequentiam
569 481 769 551 negotiatorum
781 484 807 531 et
817 492 893 530 oom-

75 559 204 609 meatum
217 550 379 607 iuvaturum
394 553 561 618 exereitum,
583 561 609 608 et
622 553 678 608 iam
692 553 794 624 paratis
809 550 893 606 rebus

73 629 254 683 munimento
269 625 337 682 fore.
377 627 451 682 luter
469 627 537 685 haec
556 628 666 702 negotia
685 627 818 701 Iugurtha
838 626 893 681 im-

75 704 198 776 pensius
212 702 294 760 modo
310 702 415 776 legatos
429 704 571 776 supplices
581 705 702 769 mittere,
725 720 822 776 pacem
831 719 893 758 ora-

76 798 122 847 re,
140 786 250 852 praeter
260 795 340 834 suam
351 777 558 852 liberorumque
569 781 668 844 vitem,
680 781 771 836 omnia
782 778 892 835 Metello

74 855 193 912 dedere.
226 853 301 922 Quos
314 855 396 920 item,
419 856 459 911 uti
475 857 594 928 priores,
616 856 717 914 Consul
734 854 841 911 illectos
856 855 890 910 ad

73 931 265 1006 proditionem
279 929 392 986 domum
407 930 577 988 dimittebat:
600 932 659 1006 regi
674 949 784 1004 paoem,
806 947 889 1002 quam

73 1006 250 1081 postulabat,
272 1023 362 1078 neque
378 1006 499 1063 abnuere
514 1025 604 1080 neque
618 1007 759 1080 polliceri,
782 1014 809 1063 et
818 1006 891 1062 iuter

73 1103 124 1141 eas
134 1100 226 1139 moras
235 1083 371 1155 promissa
382 1082 534 1157 legatorum
545 1092 715 1157 exspectare.

131 1201 253 1258 XLVlll.
282 1202 413 1276 lugurtba
437 1202 488 1256 ubi
507 1202 610 1258 Metelli
634 1203 707 1258 diota
727 1219 790 1257 oum
803 1197 890 1254 'laetis

73 1277 247 1348 composuit,
268 1294 299 1334 ao
316 1278 376 1332 suis
391 1295 421 1332 se
438 1277 543 1332 artibus
558 1279 658 1333 tentari
677 1277 886 1340 animadvertit3

73 1354 185 1426 quippe
200 1353 246 1408 oui
262 1351 355 1408 verbis
371 1370 425 1424 pax
439 1353 636 1418 nunciabatur,
658 1363 778 1410 ceterum
791 1369 819 1406 re
830 1351 890 1404 bel-

74 1431 135 1484 lum
148 1445 339 1500 asperrumum
352 1438 421 1495 erat,
445 1429 512 1484 urbs
527 1447 656 1484 maxuma
671 1430 802 1492 alienata,
824 1443 890 1500 ager

74 1505 206 1561 hostibus
218 1506 358 1578 cognitus,
372 1505 457 1559 animi
469 1505 645 1576 popularium
655 1506 765 1572 tentati3
779 1511 888 1557 coaetus

72 1598 169 1636 rerum
186 1578 406 1644 necessitudine,
428 1580 524 1634 statuit
537 1581 621 1634 armis
637 1589 750 1635 certare.
790 1579 886 1651 Igitur,

73 1656 219 1728 explorato
231 1655 350 1710 bostium
362 1655 471 1720 itinere,
483 1655 512 1708 in
524 1671 602 1726 spem
612 1653 887 1710 victoriaeadduotus

73 1749 110 1787 ex
121 1733 326 1802 opportunitate
343 1731 410 1793 looi,
432 1746 515 1801 quarn
530 1747 675 1784 maxumas
691 1738 781 1802 potest
794 1729 888 1799 copias

71 1808 201 1863 omnium
220 1823 352 1878 generum
371 1814 463 1877 parat,
494 1822 525 1860 ao
549 1822 599 1878 per
623 1807 745 1860 tramites
766 1803 888 1858 oooultos

73 1883 229 1938 exereitum
249 1881 351 1936 Metelli
372 1881 521 1936 antevenit.
562 1883 627 1938 Erat
645 1883 721 1936 inea
739 1888 815 1952 parte
829 1880 889 1933 Nu-

74 1958 194 2021 midiae,
210 1973 294 2030 quam
305 1956 444 2012 Adherbal
456 1957 485 2010 in
496 1955 635 2012 divisione
644 1956 817 2029 possederat,
835 1953 889 2008 llu-

74 2051 139 2090 men
153 2033 246 2089 oriens
257 2050 271 2087 a
284 2031 414 2096 meridie,
434 2034 546 2087 nomine
556 2033 678 2102 Muthul;
702 2031 783 2102 aquo
794 2031 888 2084 aberat

74 2125 155 2166 mous
181 2107 266 2164 ferme
292 2108 380 2163 millia
403 2124 537 2179 passuum
556 2108 672 2182 viginti,
702 2115 791 2163 tractu
813 2107 884 2177 pari,

78 2193 172 2242 vastus
187 2184 223 2238 ab
236 2192 332 2238 natura
343 2193 371 2238 et
379 2183 500 2238 humano
511 2181 598 2238 cultu.
638 2182 694 2238 Sed
706 2198 782 2236 exeo
793 2180 885 2235 medio

75 2261 157 2334 quasi
177 2259 257 2316 oollis
280 2259 434 2324 oriebatur,
467 2259 498 2313 in
520 2260 689 2314 immensum
713 2258 883 2331 pertingens,

76 2337 195 2392 vestitus
205 2335 321 2390 oleastro
333 2351 364 2389 ao
374 2333 500 2408 myrtetis
515 2334 635 2406 aliisque
644 2333 795 2407 generibus
806 2334 886 2388 arbo·

77 2429 153 2476 rum,
168 2426 241 2483 quae
252 2411 330 2465 humi
340 2408 418 2466 arido
430 2418 511 2481 atque
521 2426 634 2465 arenoso
644 2411 807 2483 gignuntur.
828 2411 886 2466 Me-

77 2488 123 2542 dia
138 2495 231 2542 autem
246 2485 376 2558 planities
390 2485 497 2540 deserta
515 2486 631 2556 penuria
650 2501 751 2557 aquas,
778 2495 886 2558 praeter

78 2561 185 2618 llumini
196 2561 352 2635 propinqua
367 2561 439 2616 loca:
459 2577 504 2624 ea,
521 2561 625 2616 consita
636 2561 770 2626 arbustis,
788 2577 885 2633 pecore

78 2650 159 2711 atque
170 2637 324 2692 cultoribus
335 2635 580 2709 frequentabantur

135 2748 233 2803 XLIX.
247 2746 334 2821 lgitur
344 2747 373 2802 in
384 2765 416 2804 eo
426 2747 511 2812 colle,
528 2763 612 2820 quem
622 2756 778 2806 transverso
788 2747 885 2804 itinere
