2058 3032
259 221 547 268 morianensem.
569 223 649 268 cnr.
669 225 703 269 aa.
853 217 888 273 tn

71 327 112 391 vi,
127 324 201 381 nihil
212 323 368 379 secessione
377 339 448 396 opus
459 331 514 380 est:
526 339 640 379 neeesse
650 331 701 389 est,
713 334 821 382 suomet
830 327 887 399 ipsi

71 418 151 458 more
161 400 329 474 praecipites
340 406 413 454 eant.
433 398 531 456 Occiso
542 399 653 456 Tiberio
658 399 791 466 Graoebo,
802 419 886 474 quem

70 493 193 552 regnum
207 492 305 548 parare
323 474 446 542 aiebant,
467 476 497 531 in
511 475 623 549 plebem
637 477 787 532 Romanam
800 494 887 550 quae-

71 555 180 609 stiones
194 567 295 626 graves
308 549 420 606 habitae
433 559 508 607 sunt.
548 552 611 607 Post
629 551 660 608 C.
674 551 793 608 Gracchi
807 562 834 608 et
847 557 885 610 M.

72 628 170 685 Fulvii
185 626 298 683 eaedem
313 627 380 682 item
395 628 482 682 vostri
496 625 604 682 ordinis
618 627 700 684 multi
714 628 842 684 mortales
856 631 886 684 in

72 721 185 760 earcere
195 704 286 759 nenati
295 709 373 758 eunt:
390 702 536 775 utriusque
547 702 635 758 eladis
646 720 700 759 non
712 702 772 768 lex,
788 721 885 760 verum

74 778 174 836 lubido
184 795 280 835 eorum
290 777 374 833 linem
385 777 460 833 feeit.
500 777 556 833 Sed
572 795 638 834 sane
649 777 733 835 fuerit
745 781 824 853 regni
834 798 886 853 pe-

72 856 158 920 ratio,
179 854 258 927 plebi
273 870 324 910 eun
338 854 496 922 restituer03
522 853 659 926 quiequid
673 855 734 910 sine
748 857 885 929 sanguine

72 932 181 987 civium
190 927 291 986 uleieei
300 929 446 1002 nequitur,
463 929 524 984 iure
534 928 639 985 iactum
649 929 695 986 sit.
727 930 886 1003 Superiori-

72 1008 127 1062 bus
143 1007 224 1062 annis
243 1005 320 1063 taeiti
340 1004 579 1078 indignabamini,
602 1007 739 1060 aerarium
754 1007 883 1079 expilari,

71 1099 153 1158 reges
174 1089 201 1138 et
219 1081 338 1155 populos
358 1079 461 1136 liberos
480 1080 577 1152 paneis
597 1080 741 1138 nobilibus
765 1082 883 1158 vectigal

71 1157 204 1232 pendere,
219 1173 305 1231 penes
316 1155 427 1213 eosdem
438 1164 465 1212 et
475 1173 612 1212 summam
623 1157 740 1231 gloriam
749 1166 775 1213 et
785 1175 885 1215 maxu-

70 1252 132 1290 mas
142 1233 257 1290 divitiae
268 1250 343 1289 esse:
365 1240 460 1288 tamen
472 1231 541 1288 haee
556 1232 623 1288 talia
636 1232 758 1290 facinora
768 1234 884 1308 impune

70 1310 245 1382 suscepisse,
257 1326 356 1382 pamm
367 1307 500 1364 habuere.
539 1309 635 1380 ltaque
644 1319 783 1385 postremo
794 1310 880 1384 leges,

70 1387 202 1441 maiestas
221 1393 327 1450 vostra,
355 1383 451 1440 divina
465 1392 492 1440 et
506 1384 627 1440 humana
647 1387 741 1441 omnia
755 1385 883 1444 hostibus

70 1461 172 1518 tradita
189 1468 264 1517 sunt.
304 1462 400 1532 Neque
415 1477 476 1526 eos,
498 1463 548 1533 qui
564 1477 596 1516 ea
610 1459 713 1528 feoere,
735 1462 823 1535 pudet
837 1472 884 1519 aut

69 1538 208 1610 poenitet:
228 1536 278 1593 sed
288 1536 423 1592 incedunt
432 1553 482 1609 per
492 1554 539 1592 ora
549 1545 641 1592 vostra
654 1537 816 1612 magnifiee,
837 1555 883 1594 sa-

70 1613 194 1670 cerdotia
204 1621 232 1668 et
242 1612 411 1678 oonsulatus,
424 1628 489 1686 pars
500 1612 657 1685 triumphos
666 1631 732 1669 suos
742 1621 883 1671 ostentan-

67 1699 126 1758 tes3
147 1687 264 1761 perinde
273 1689 356 1760 quasi
365 1705 397 1743 ea
407 1688 519 1752 bononi,
536 1704 590 1744 non
600 1688 733 1761 praedae,
750 1688 880 1745 habeant.
984 1699 993 1722 ‘

69 1766 153 1822 Servi
173 1779 235 1820 aere
253 1765 343 1837 parati
361 1765 478 1836 imperia
503 1763 607 1819 iniusta
632 1763 808 1820 dominorum
826 1781 881 1821 non

67 1839 227 1915 perferunt:
244 1855 308 1905 voe,
320 1839 456 1907 Quirites,
470 1840 499 1893 in
511 1839 629 1911 imperio
638 1839 709 1906 nati,
722 1855 809 1912 aequo
820 1841 881 1896 ani-

68 1933 115 1974 mo
125 1916 289 1971 servitutem
299 1915 432 1970 toleratis.
471 1914 506 1970 lt
516 1915 564 1988 qui
576 1923 641 1971 sunt
651 1915 695 1980 hi,
707 1915 758 1987 qui
768 1932 880 1989 rempu-

68 1992 174 2048 blieam
184 1989 374 2064 occupavere?
383 1990 513 2046 Homines
523 1990 881 2056 sceleratissumi,eruentis

69 2066 216 2132 manibus,
240 2066 355 2122 immani
371 2067 501 2132 avaritia,
525 2066 726 2122 nocentissumi
747 2074 774 2121 et
793 2067 879 2122 iidem

68 2142 289 2217 superbissumi;
303 2141 408 2214 quibus
416 2141 500 2207 fides,
513 2141 613 2208 decue,
625 2143 729 2215 pietas,
741 2151 880 2214 postremo

68 2221 185 2275 honesta
200 2227 283 2290 atque
297 2217 442 2273 inhoneste
456 2218 550 2274 omnia
559 2218 687 2290 quaestui
698 2225 773 2274 eunt.
813 2219 879 2275 Pars

69 2311 165 2352 eorum
174 2293 311 2349 occidisse
322 2292 449 2349 tribunos
457 2293 564 2365 plebis,
584 2294 633 2349 alii
646 2294 824 2364 quaestiones
834 2295 880 2350 in·

69 2373 166 2434 iustas,
179 2370 307 2442 plerique
318 2368 431 2424 eaedem
442 2369 472 2423 in
483 2385 533 2424 vos
543 2367 710 2441 lecisse,pro
720 2371 880 2426 munimen-

68 2455 95 2502 to
115 2446 229 2502 habent.
268 2445 308 2500 lta
326 2459 412 2516 quam
427 2445 547 2516 quisque
564 2461 695 2518 pessume
714 2444 793 2512 feeit,
823 2455 879 2502 tam

68 2537 199 2577 maxume
209 2528 286 2576 tutus
297 2528 351 2590 est;
374 2527 478 2574 metum
490 2537 505 2575 a
515 2521 619 2577 seelera
629 2538 680 2577 suo
691 2521 726 2577 ad
736 2523 877 2598 ignaviam

68 2605 189 2653 vostram
199 2595 377 2652 transtulere:
399 2611 470 2668 quos
483 2596 575 2652 omnis
588 2596 686 2654 eadem
696 2614 812 2671 cupere,
831 2615 878 2652 ea-

69 2672 133 2728 dem
142 2672 246 2738 odisse,
254 2671 351 2727 eadem
360 2680 483 2727 metuere
494 2673 524 2727 in
534 2689 621 2728 unum
633 2675 736 2748 eoegit3
749 2672 800 2730 eed
809 2673 878 2728 haee

70 2750 139 2806 inter
149 2749 237 2805 bonos
248 2748 385 2813 amicitia,
399 2749 471 2804 inter
481 2747 569 2804 malos
579 2747 661 2806 lectio
672 2757 724 2806 est.
763 2747 841 2815 Quod
