2058 3032
222 179 510 228 IUGURTHINUM.
531 183 609 231 cal’.
624 185 656 229 ta.
846 177 879 230 65

70 282 211 354 palantes,
236 300 291 353 qua
307 301 362 338 uon
374 292 514 356 coegerat,
539 281 620 338 sedes
633 282 782 340 habebant.
812 283 878 340 =Sed

12 379 13 416 ς
68 365 217 428 postquam
233 359 263 411 in
277 358 409 429 Hispania
423 358 568 424 Hercules,
592 359 675 414 sicuti
689 358 749 415 Alri
770 368 876 432 putant,

69 432 190 499 interiit,
214 433 352 488 exercitus
367 434 442 498 eius,
464 433 634 506 compositus
646 451 682 490 ex
691 435 777 491 variis
785 436 878 508 genti-

67 510 137 572 hus,
159 508 262 562 amisso
278 505 349 563 duos
359 525 391 563 ac
401 510 505 580 passim
517 508 613 564 multis
627 509 683 564 sibi
693 511 813 581 quisque
822 511 878 565 im-

66 583 179 655 perium
191 583 364 654 petentibus,
385 582 465 638 brevi
476 582 620 639 dilabitur.
660 585 703 640 lix
718 602 749 640 eo
763 601 877 640 numero

68 657 159 724 Medi,
175 659 273 713 Persae
287 667 314 713 et
328 657 466 724 Armenii,
483 659 603 714 navibus
614 661 644 714 in
654 659 774 715 Africam
786 668 877 716 trans-

69 735 158 798 vecti,
169 749 320 806 proxumos
331 733 503 790 nostro'mari
515 735 588 790 locos
599 751 779 806 occupavere.
820 733 876 790 Sed

67 813 167 866 Persae
182 810 254 864 intra
263 807 404 865 Oceanum
419 810 521 884 magis3
545 810 632 882 hique
652 811 745 866 alveos
761 811 875 865 navium

65 889 195 943 inversos
204 901 255 956 pro
264 885 385 958 tuguriis
397 885 532 950 habuere,
543 886 609 956 quia
620 902 711 957 neque
722 885 835 940 materia
846 885 875 940 in

65 965 157 1034 agris,
179 977 270 1031 neque
285 961 320 1015 ab
329 961 460 1032 Hispanis
475 959 588 1015 emundi
602 969 649 1016 aut
658 960 784 1016 mutandi
795 961 874 1033 copia

64 1046 137 1104 erat3
159 1053 234 1090 mare
245 1052 376 1109 magnum
388 1044 415 1090 et
424 1037 519 1110 ignara
530 1037 625 1110 lingua
637 1037 799 1093 commercia
811 1053 875 1109 pro-

64 1111 213 1166 hibebant.
233 1111 267 1166 lli
277 1110 422 1183 paullatim
434 1128 483 1183 per
493 1111 631 1167 connubia
639 1112 769 1168 Gaetulos
780 1129 873 1167 secum

64 1189 219 1254 misouere3
235 1187 338 1258 etquis
349 1203 445 1259 saepe,
457 1195 592 1242 tentantes
603 1205 697 1260 agros,
709 1188 761 1244 alie
773 1187 875 1243 deinde

65 1273 150 1335 atque
167 1259 222 1316 alia
237 1261 296 1316 loca
309 1263 478 1333 petiverant,
505 1271 592 1318 semet
605 1264 661 1334 ipsi
674 1263 810 1318 Numidas
826 1279 876 1336 ap-

64 1339 219 1411 pellavere.
231 1336 358 1393 Ceterum
365 1337 461 1392 adhuc
471 1337 596 1393 aedificia
602 1337 786 1394 Numidarum
796 1356 875 1412 agre-

63 1416 163 1479 stium,
175 1429 248 1484 quae
258 1413 376 1484 mapalia
388 1413 432 1468 illi
442 1422 550 1478 vocant,
565 1412 684 1487 oblonga
698 1415 823 1470 incurvis
834 1414 875 1468 la-

64 1490 269 1554 teribustecta,
291 1488 701 1559 quasinaviumcarinaesunt.
741 1489 815 1545 Medi
825 1505 876 1544 au-

63 1577 121 1622 tem
143 1573 172 1620 et
189 1562 314 1620 Armenii
334 1580 474 1619 accessere
492 1564 594 1638 Libyes
615 1563 690 1637 (nam
710 1563 740 1619 hi
759 1565 875 1637 propius

63 1659 142 1698 mare
163 1637 288 1696 alricum
309 1639 463 1712 agitabant3
493 1639 603 1695 Gaetuli
623 1639 677 1695 sub
696 1639 754 1695 sele
774 1640 873 1770 magis,

63 1715 143 1773 haud
158 1715 255 1788 procul
270 1715 305 1770 ab
319 1713 475 1787 ardoribus)
491 1713 576 1787 hique
592 1724 698 1770 mature
711 1715 815 1786 oppida
846 1732 875 1770 a-

63 1794 168 1858 buere;
185 1808 262 1855 nam,
278 1789 347 1845 lreto
357 1790 443 1846 divisi
454 1790 644 1862 abilispania,
660 1798 820 1846 mutatores
831 1791 875 1845 in-

64 1880 107 1924 ter
122 1883 155 1922 se
168 1867 355 1921 instituerant.
393 1866 499 1920 Nomen
513 1882 608 1921 eorum
617 1865 763 1936 paullatim
772 1865 875 1940 Libyes

65 1958 230 2013 corrupere,
252 1940 369 1996 barbara
383 1940 479 2014 lingua
489 1941 598 1997 Mauras
612 1957 662 2012 pro
675 1939 763 1997 Medis
778 1942 876 2014 appel-

66 2020 168 2074 lantes.
207 2014 264 2072 Sed
278 2033 322 2072 res
332 2016 476 2072 Persarum
493 2015 572 2071 brevi
583 2015 717 2072 adolevit:
739 2033 771 2070 ac
781 2025 876 2088 postea

66 2091 207 2150 Numidae
218 2093 458 2164 nomine,propter
468 2090 675 2148 multitudinem
687 2109 702 2145 a
712 2092 874 2163 parentibus

66 2167 205 2242 digressi,
215 2167 363 2240 possedere
373 2185 405 2222 ea
417 2167 490 2233 loca,
502 2184 574 2239 quae
585 2183 720 2238 proxuma
731 2167 876 2242 Carthagi-

68 2255 133 2300 nem
147 2242 279 2298 Numidia
297 2243 463 2315 nppellatur.
501 2243 607 2298 Deinde
625 2241 751 2313 utrique,
782 2243 876 2298 alteris

69 2320 149 2384 laeti,
169 2317 310 2375 finitumos
325 2319 409 2374 armis
425 2326 471 2373 aut
485 2327 561 2374 metu
570 2316 623 2372 sub
634 2317 783 2388 imperium
794 2336 877 2373 suum

69 2410 199 2468 coegere,
212 2411 311 2449 nomen
321 2394 494 2467 gloriamque
505 2391 562 2448 sibi
572 2390 718 2460 addidere;
735 2394 824 2466 magis
835 2394 875 2457 hi,

69 2471 120 2543 qui
129 2468 165 2524 ad
175 2478 299 2525 nostrum
310 2486 386 2524 mare
394 2475 594 2541 processerant,
603 2466 786 2541 quiaLibyes,
794 2484 877 2538 quam

69 2543 196 2608 Gaetuli,
215 2545 308 2600 minus
322 2543 461 2600 bellicosi.
499 2542 624 2612 Denique
634 2541 743 2598 Africae
756 2561 820 2615 pars
834 2543 878 2596 in-

69 2621 155 2676 ferior
164 2618 296 2691 pleraque
306 2619 342 2674 ab
351 2618 481 2675 Numidis
489 2633 617 2689 possessa
628 2628 682 2680 cett
704 2619 773 2674 victi
783 2633 878 2673 omnes

70 2699 99 2752 in
110 2701 223 2770 gentem
232 2710 388 2768 nomenque
399 2695 595 2769 imperantium
606 2709 775 2750 concessere.

127 2771 275 2828 Saetosi.
690 2769 713 2822 E
