2070 3036
244 237 529 288 IUGURTHINUM.
555 241 735 288 CAP.62.53.
848 237 892 291 IOI
955 253 958 258 “
996 299 999 303 ,

84 340 186 396 natorii
196 338 304 396 ordinis
313 357 349 396 ex
359 340 484 396 hibernis
497 343 626 398 accersiri
638 343 727 399 iubet:
750 361 844 401 eorum
855 352 897 401 at-

11 417 12 476 }
84 433 141 488 que
151 416 283 482 aliorum,
295 434 365 491 quos
376 417 490 474 idoneos
500 418 633 484 ducebat,
645 418 793 476 eonsilium
802 420 894 476 babet.

82 493 124 548 lta
140 489 215 548 mdre
233 493 383 560 maiorum,
409 511 445 549 ex
455 495 565 551 oonsilii
580 495 702 562 decreto,
727 513 777 567 per
792 496 895 570 legatos

11 611 12 634 i
82 569 235 642 Iugurthae
245 569 363 643 imperat
373 571 479 644 argenti
489 570 581 644 pondo
592 571 709 627 ducenta
720 571 823 637 millia,
839 573 896 628 ele-

83 644 203 716 phantos
212 647 317 713 omnis,
339 663 473 719 equorum
487 656 515 704 et
527 665 664 704 armorum
679 647 893 720 aliquantulum.

82 719 160 788 Quae
179 730 326 795 postquam
345 725 406 779 sine
427 741 501 780 mora
521 723 683 790 factasunt,
709 723 788 780 iubet
804 725 895 782 omnis

82 797 216 872 perfugas
231 799 339 855 vInetos
357 798 470 855 addoni,
509 799 612 856 Eorum
630 817 730 876 magna
749 817 827 873 pars,
853 800 894 860 uti

81 875 275 941 inssnmeratr,
296 875 425 932 adducti:
446 877 544 949 paud,
560 879 779 950 quumprImum
790 875 895 932 deditio

81 951 188 1022 eoepit,
210 951 245 1007 ad
260 969 353 1026 regem
364 951 503 1007 Bneohum
517 953 546 1008 in
556 953 748 1010 Mauritaniam
759 952 893 1010 abierant.

79 1027 170 1100 Igitur
180 1028 323 1101 Iugurtha,
336 1028 385 1083 ubi
396 1028 481 1082 armis
491 1028 615 1100 virisque
627 1037 653 1084 et
662 1030 782 1102 pecunia
790 1028 895 1101 spolia-

80 1111 126 1159 tus
138 1112 193 1168 est,
215 1120 302 1175 quum
312 1105 373 1178 ipsa
384 1103 419 1159 ad
428 1103 621 1176 imperandum
633 1105 771 1160 Tisidium
783 1122 894 1162 vocare-

80 1188 140 1246 tur,
162 1197 258 1234 rursus
273 1182 364 1253 eoepit
378 1177 488 1236 flectere
502 1181 626 1236 anImum
640 1199 723 1237 suum
738 1190 764 1239 et
777 1199 812 1240 ex
822 1181 894 1252 mala

80 1256 251 1312 conscientie
262 1255 347 1330 digna
356 1257 464 1313 timere.
490 1257 615 1328 Denique
625 1259 721 1314 multis
732 1257 833 1314 diebus
844 1275 893 1330 per

79 1332 283 1388 dubitationem
295 1333 479 1406 consumptis,
494 1350 581 1406 quum
592 1333 687 1401 modo,
698 1334 790 1390 taedio
800 1350 893 1389 rarum

79 1407 275 1473 adversarum,
296 1410 389 1464 omnia
401 1409 476 1466 bello
488 1409 731 1483 potioradueeret‚
753 1408 893 1466 interdum

78 1501 176 1540 seeum
186 1485 248 1556 ipse
258 1493 406 1556 reputaret,
417 1503 502 1558 quam
510 1489 605 1559 gravis
614 1504 696 1542 casus
705 1487 736 1542 in
745 1487 893 1542 servitium

79 1579 115 1617 ex
125 1577 212 1634 regno
222 1559 303 1630 foret;
325 1561 421 1617 multis
436 1563 601 1634 magnisque
613 1561 762 1634 praesidiis
772 1561 892 1633 nequid-

78 1653 164 1709 quam
174 1636 307 1709 perditis,
328 1636 363 1691 de
373 1637 480 1710 Integre
494 1635 600 1692 bellum
612 1638 708 1692 sumit.
747 1639 781 1693 Et
791 1637 891 1693 Romae

77 1713 213 1778 Senatus,
230 1712 265 1768 de
274 1713 428 1786 provinciis
438 1712 594 1778 consultus,
610 1711 771 1768 Numidiam
782 1713 891 1770 Metello

76 1790 250 1845 decreverat.

133 1866 230 1921 LXIII.
255 1865 307 1920 Par
326 1863 401 1920 idem
423 1871 531 1936 tempus
550 1863 646 1920 Uticae
664 1863 732 1920 forte
747 1863 777 1920 C.
793 1865 888 1930 Mario,

75 1959 127 2014 per
142 1941 246 1996 hostias
262 1939 318 1995 diis
332 1937 515 2012 supplicanti.
536 1956 635 2015 magna
655 1949 737 2014 atque
751 1940 892 1996 mirabilia

75 2017 207 2090 portendi
217 2017 357 2088 haruspex
367 2015 487 2072 dixerat:
503 2016 633 2090 proinde,
645 2034 717 2088 quae
728 2016 820 2072 animo
830 2019 892 2090 agi-

76 2095 167 2160 tabat,
184 2093 270 2150 fretus
281 2093 337 2148 diis
348 2100 452 2166 ageret3
470 2091 608 2149 fortunam
621 2091 705 2165 quarn
718 2093 891 2164 saepissume

76 2170 263 2243 experiretur3
276 2177 374 2224 eunota
385 2186 515 2243 prospere
526 2178 669 2225 eventura.
694 2167 729 2224 At
742 2167 823 2224 illum
834 2170 890 2225 iam

77 2257 156 2302 antes
167 2245 328 2302 consulatus
339 2245 438 2319 iugens
452 2245 554 2319 cupido
563 2243 733 2318 exagitabat:
757 2244 792 2301 ad
806 2263 890 2318 quem

77 2321 263 2396 aapIundnm,
279 2330 387 2394 praeter
396 2330 561 2378 vetustatem
577 2321 713 2385 familiae,
730 2321 784 2376 alia
797 2324 888 2378 omnia

76 2398 189 2454 abunde
205 2406 295 2454 erant:
317 2397 469 2462 industria,
493 2397 631 2470 probitas,
657 2397 774 2453 militiae
789 2417 889 2472 magna

75 2475 207 2540 seientia,
219 2476 329 2530 animus
338 2474 406 2530 beili
416 2473 528 2548 ingens,
541 2473 616 2530 domi
628 2473 768 2540 modicus,
781 2474 890 2530 lubidi-

75 2551 120 2606 nis
131 2561 158 2608 et
168 2551 331 2607 divitiarum
341 2551 443 2614 victor,
462 2549 651 2606 tantummodo
661 2549 765 2622 gloriae
776 2550 887 2606 avidus.

75 2627 186 2692 Sedis,
208 2636 289 2681 natus
304 2634 331 2681 et
345 2641 517 2698 peromnem
532 2625 681 2698 pueritiam
691 2625 789 2700 Arpini
804 2627 886 2692 altus,

75 2704 126 2759 ubi
136 2704 259 2776 primum
269 2709 343 2756 aetas
354 2701 470 2756 militiae
481 2703 589 2773 patiens
600 2699 667 2767 fuit,
686 2701 835 2776 stipendiis
846 2701 888 2758 fa-

74 2779 201 2844 ciundis,
222 2795 277 2834 non
287 2777 391 2834 Graeca
405 2777 535 2834 facundia
549 2795 639 2852 neque
650 2778 765 2836 urbanis
775 2778 888 2835 mundi-
