2070 3036
176 197 208 248 98
325 201 351 248 C.
373 199 427 246 CR.
449 201 651 247 sAuLus'rn
669 200 826 246 BELLUM

176 319 275 378 magna
289 319 354 376 pers
367 300 502 359 volnerati
518 309 565 357 aut
578 299 675 358 occisi.
714 300 843 358 Ceterum
857 321 891 360 ex
903 304 965 362 omui
990 293 991 322 ³

176 378 355 434 multitudine
368 395 422 434 non
434 376 554 450 emplius
566 377 764 452 quadraginta,
787 396 918 436 memores
927 399 966 438 uo·
990 411 991 444 g

176 454 260 512 minis
275 455 405 519 Romani,
427 469 511 528 grege
526 451 611 519 lacto,
634 453 724 508 locum
739 471 853 527 cepere,
877 457 966 528 paullo¹

175 548 259 604 quam
271 531 334 595 alii,
347 531 608 600 editioremrneque
618 529 685 585 iude
694 546 825 586 maxuma
837 536 866 586 vi
876 533 968 606 depelli

176 607 340 679 quiverunt:
352 605 402 662 sed
412 604 465 660 tela
476 605 586 660 eminus
596 605 681 660 misse
691 607 847 662 remittere:
861 610 937 680 pauci
947 610 971 663 in

176 682 306 755 pluribus
320 683 413 737 minus
428 679 565 737 frustrati:
589 683 634 737 ain
648 680 785 737 Numidae
805 685 920 756 propius
935 701 974 740 uc-

176 759 340 823 cassisseut‚
362 757 403 813 ibi
414 773 479 813 vero
490 757 620 813 virtutem
633 756 777 813 ostendere
792 768 818 813 et
828 777 876 818 eos
886 778 975 817 maxu-

176 851 221 891 ma
232 834 261 890 vi
274 835 402 898 caedere,
422 831 538 888 fundere
553 842 635 905 etque
650 831 757 908 lugere.
796 829 910 891 lot'erim
926 840 976 894 lde-

176 911 259 967 tellus
279 927 366 984 quum
386 925 528 966 acerrume
547 925 605 964 rem
625 920 745 982 gereret,
776 908 926 968 clamorem
947 910 978 988 [et

177 983 337 1062 tumultum]
344 985 472 1042 hostilem
483 986 518 1041 ab
528 993 605 1058 tergo
615 985 734 1057 occepit:
748 983 859 1050 deinde,
867 1005 978 1045 couver-

176 1079 307 1136 coequo,
329 1060 537 1128 animadvertit,
562 1060 656 1136 lugam
676 1061 710 1116 ad
728 1079 758 1117 ee
777 1079 889 1118 versum
908 1064 991 1142 ficum

176 1155 248 1212 quae
258 1156 303 1194 ree
313 1137 468 1201 indicabat,
482 1137 630 1210 populares
641 1153 712 1194 esee.
733 1137 819 1213 Igitur
830 1140 979 1211 equitatum
990 1149 991 1174 l

176 1231 286 1271 omnem
298 1213 332 1269 ud
344 1223 431 1270 castra
442 1231 558 1286 propere
569 1213 667 1278 mittit,
679 1230 710 1269 ac
720 1215 813 1270 statim
823 1214 855 1272 C.
866 1217 980 1274 Marium
990 1179 991 1266 l

177 1307 240 1347 cum
261 1290 421 1347 cohortibus
441 1291 592 1356 sociorum;
620 1305 740 1361 eumque
759 1290 917 1349 lacrumans
939 1313 981 1368 per

178 1367 328 1424 amicitiem
343 1383 448 1440 perque
463 1364 663 1438 rempublicam
677 1365 818 1432 obsecret,
845 1385 880 1443 ue
901 1386 982 1442 quam

177 1443 373 1500 contumeliam
389 1459 529 1500 remanere
539 1443 568 1497 in
579 1441 702 1498 exercitu
713 1443 831 1509 victore,
848 1461 923 1501 neve
941 1446 983 1502 hc

177 1529 233 1577 stes
243 1519 347 1575 inultos
358 1519 435 1576 abire
445 1521 528 1575 sinat.
559 1519 608 1574 llle
619 1517 698 1574 brevi
708 1517 836 1574 mandato
847 1519 953 1582 eflicit:
965 1529 984 1579 at

177 1595 324 1672 Iugurtha,
348 1598 519 1653 munimento
539 1604 689 1653 castrorum
709 1595 876 1668 impeditus,
899 1615 984 1671 quum

95 1705 98 1710 ,
178 1673 226 1729 alii
242 1689 326 1745 super
341 1674 446 1732 vallum
462 1673 723 1746 praecipitarentur,
744 1671 793 1727 alii
804 1671 833 1728 ic
847 1677 984 1748 angustiis

177 1751 233 1822 ipsi
248 1749 303 1806 eibi
319 1757 497 1823 properantes
511 1748 666 1812 officerent,
692 1746 788 1803 multis
807 1749 940 1817 emissis,
964 1754 987 1808 ic

178 1825 237 1881 loca
249 1825 549 1896 munitaseserecepit.
588 1822 730 1888 Metellus,
749 1821 850 1881 inlecto
864 1829 991 1902 negotio„

177 1911 324 1974 postquam
334 1918 390 1958 nox
399 1900 506 1965 aderet,
526 1899 556 1953 in
571 1907 660 1955 caetra
674 1916 739 1956 eum
753 1902 882 1964 exercitu,
894 1905 991 1997 rever-l

168 1977 257 2033 illus.
990 2009 991 2038 t

234 2052 328 2108 LlX.l
350 2049 405 2107 'tur
414 2057 523 2124 postero
532 2046 588 2113 dis,
599 2050 764 2124 priusquam
776 2051 811 2107 ad
819 2059 991 2130 oppugnanl

178 2126 245 2183 dum
255 2067 358 2202 egred¹
357 2135 446 2193 retur,
461 2126 614 2198 equitatum
624 2143 734 2183 omnem
745 2127 774 2184 in
785 2145 816 2184 ea
827 2141 926 2202 perte,
940 2151 979 2206 qu

178 2204 253 2278 regis
264 2206 400 2260 adventus
410 2210 481 2266 emt,
498 2218 547 2273 prc
556 2204 654 2259 castris
665 2203 770 2278 agitare
779 2205 872 2261 iubet:
896 2221 981 2280 porte

178 2288 205 2336 et
215 2296 350 2352 proxuma
362 2280 420 2335 loce
429 2277 549 2334 tribunis
560 2276 702 2350 dispertit:
716 2279 887 2353 deindeipse
898 2287 986 2361 pergi

179 2354 214 2411 ad
223 2355 374 2428 oppidum,
385 2364 482 2428 etque.
494 2356 535 2411 uti
545 2356 687 2428 superiore
697 2354 877 2422 die‚murum
890 2377 969 2437 eggr

179 2431 265 2490 ditur.
304 2433 415 2487 Interim
430 2429 562 2507 Iugurtha
579 2448 615 2487 ex
628 2431 737 2489 occulto
752 2442 863 2505 repente
881 2449 985 2496 nostro

181 2508 297 2566 invadit.
336 2506 390 2574 Qui
406 2508 435 2563 in
449 2523 584 2582 proxumo
594 2506 676 2564 locati
688 2507 809 2573 luerent,
830 2511 985 2588 paullispe

182 2584 267 2644 territi
276 2582 485 2655 perturbantur:
501 2584 603 2655 reliqui
613 2584 667 2638 cito
677 2585 859 2641 subveniunt.
893 2589 991 2665 Nequt

184 2661 287 2720 diutius
296 2655 434 2712 Numidae
442 2657 571 2713 resistere
580 2659 748 2729 quivissent,
763 2660 792 2715 ni
802 2659 917 2731 pedites
929 2679 991 2736 cure

185 2735 321 2816 equitibus
335 2733 466 2805 permixti
481 2747 609 2805 magnam
625 2731 731 2788 cladem
744 2735 773 2789 in
784 2751 946 2807 congressu
959 2743 991 2798 iat
