2070 3036
156 227 202 278 l06
293 230 323 278 C.
344 229 400 276 CR.
423 229 630 276 sanLUs‘rlt
648 229 803 275 BELLUM

152 349 213 388 rum
224 331 347 398 arrectis,
363 331 470 406 equites
480 331 610 404 inprime
622 330 685 398 late,
696 329 807 404 pedites
818 347 902 406 quam
911 348 955 388 ar-

152 409 269 464 tissume
280 409 320 464 ire
330 416 357 464 et
367 410 446 482 signa
456 408 594 464 occultare
605 408 693 463 iubet.

207 485 307 540 LXIX.
326 485 467 558 Vagenses
481 483 531 540 ubi
546 483 781 550 animadvertere,
804 482 842 540 ad
853 499 956 540 sever-

151 577 214 616 sum
225 561 377 617 exercitum
388 577 517 634 pergere:
539 562 644 633 prime,
663 561 704 616 uti
715 578 759 616 res
771 568 845 625 erat,
861 559 958 616 Metel-

153 638 211 692 lum
226 655 287 693 esse
301 637 368 702 rati,
389 644 481 709 portas
496 636 634 693 clausere:
658 635 775 702 deinde,
796 635 848 692 ubi
865 653 956 708 neque

152 730 232 787 agros
247 713 364 778 vastari,
386 721 413 768 et
427 729 488 778 eos,
508 712 558 785 qni
571 713 656 786 primi
670 711 798 780 aderant,
820 713 958 768 Numidas

152 791 259 862 equites
269 788 375 854 vident,
384 805 494 844 rursum
500 788 662 862 Iugurtham
673 787 808 852 arbitrati,
821 805 890 844 cum
900 806 960 844 ma-

151 883 206 939 gne
223 864 326 940 gaudio
342 863 419 920 obvii
438 864 601 938 procedunt.
640 865 757 938 Equites
775 862 957 938 peditesque,

152 951 265 1014 repente
274 943 356 1016 signo
366 941 443 1008 dato,
464 941 513 998 alii
523 941 637 1016 volgum
648 941 768 1000 eliusum
777 940 886 1014 oppido
897 958 961 998 cae-

152 1017 232 1082 dere,
248 1019 297 1074 alii
307 1017 342 1073 ad
352 1025 444 1090 portas
455 1015 600 1085 festinare,
614 1032 680 1091 pars
690 1017 775 1073 turris
785 1034 902 1090 capere:
919 1019 960 1073 ira

152 1101 234 1166 atque
244 1110 308 1167 spes
319 1093 437 1166 praedae
447 1094 582 1167 amplius,
598 1110 683 1166 quam
692 1091 844 1158 lassitudo,
860 1109 959 1167 posse,

150 1170 190 1224 lta
200 1169 339 1244 Vagenses
354 1169 472 1225 biduum
488 1170 569 1226 mede
580 1187 615 1225 ex
625 1168 742 1242 pertidia
753 1169 862 1226 laetati:
886 1171 962 1226 civi-

151 1252 192 1301 tas
203 1262 303 1319 magna
313 1253 395 1318 atque
405 1246 537 1319 opulens,
553 1254 650 1301 cuneta
663 1262 768 1318 poenae
778 1253 827 1301 aut
836 1245 960 1318 praedae

151 1320 214 1377 luit.
255 1321 412 1394 Turpilius,
433 1339 517 1395 quem
532 1320 702 1395 praefectum
712 1320 811 1395 oppidi
820 1337 915 1378 unum
926 1340 961 1378 ex

151 1397 281 1454 omnibus
291 1397 448 1472 profugisse
463 1415 548 1471 supra
557 1396 744 1464 ostendimus,
765 1397 861 1452 iussus
872 1415 890 1453 a
901 1401 962 1456 ble-

150 1474 217 1530 telle
232 1491 359 1530 caussam
374 1473 481 1539 dicere,
502 1482 649 1547 postquam
662 1491 723 1530 esse
738 1489 837 1546 parum
851 1490 960 1548 expur-

151 1560 211 1626 gat,
232 1549 430 1607 condemnatus
444 1549 662 1624 verberatusque
677 1549 766 1624 capite
783 1566 889 1622 poenas
901 1550 960 1608 sol-

154 1627 208 1697 vit;
230 1644 294 1683 uam
303 1626 328 1682 is
338 1627 410 1684 civis
420 1645 456 1684 ex
465 1627 544 1684 Latio
554 1635 621 1683 erat.

207 1704 295 1759 LXX.
308 1703 361 1759 Per
370 1703 446 1761 idem
456 1712 566 1777 tempus
576 1701 726 1768 Bomilcar,
738 1701 818 1758 cuius
828 1701 958 1774 impulsu

151 1779 283 1853 Iugurtha
295 1778 567 1853 deditionem,quam
577 1787 653 1836 metu
662 1778 956 1850 deseruit-inceperat,

152 1865 299 1928 suspectus
309 1857 369 1930 regi
380 1865 407 1913 et
415 1858 477 1930 ipse
487 1873 551 1912 eum
560 1854 732 1928 suspiciens,
753 1871 839 1910 novas
849 1871 895 1910 res
908 1872 958 1929 qn-

150 1947 230 2002 pere;
248 1931 282 1988 ad
294 1934 446 2005 perniciem
456 1932 518 1988 eius
529 1931 624 1987 dolum
635 1947 782 2004 quaerere;
798 1929 844 1986 die
856 1937 957 1987 noctu·

151 2022 206 2078 que
217 2006 332 2083 fatigare
343 2010 477 2064 animum.
516 2005 641 2081 Denique
650 2007 744 2064 omnia
753 2005 894 2071 tentando,
911 2023 957 2062 so-

152 2083 227 2138 cium
241 2085 297 2140 sibi
313 2084 440 2159 adiungit
453 2083 637 2150 Nabdalsam,
657 2084 798 2141 bominem
818 2080 954 2146 nobilem,

151 2161 261 2233 magnis
281 2161 398 2234 opibus,
427 2177 521 2216 carum
547 2169 746 2233 acceptumque
770 2158 956 2233 popularibus

151 2234 225 2290 suis:
244 2239 294 2309 qui
305 2237 471 2310 plerumque
480 2251 606 2293 seorsum
616 2237 652 2292 ab
662 2253 727 2312 rege
738 2234 890 2292 exercitum
901 2235 956 2290 du-

152 2318 225 2367 ctare
240 2321 267 2368 et
280 2315 371 2368 omnis
386 2331 429 2368 res
444 2312 561 2384 exsequi
570 2313 671 2369 solitus
680 2322 751 2377 erat,
773 2327 844 2384 quae
854 2311 955 2385 lugur-

152 2385 215 2442 thae
230 2386 303 2443 fesso
317 2397 365 2444 aut
380 2388 531 2445 maioribus
545 2387 676 2446 adstricto
685 2394 896 2458 superaverant:
919 2401 954 2440 ex

152 2479 208 2537 quo
223 2462 266 2519 illi
281 2463 370 2536 gloria
384 2481 506 2537 opesque
521 2463 661 2522 inventae.
699 2463 788 2535 Igitur
807 2463 953 2534 utriusque

153 2540 269 2596 consilio
279 2538 340 2595 dies
350 2539 463 2594 insidiis
473 2539 617 2596 statuitur:
633 2545 736 2601 cetera,
748 2539 789 2593 uti
801 2554 846 2593 res
855 2552 953 2610 pesoe-

154 2626 208 2685 ret,
226 2623 390 2686 extempere
399 2615 491 2685 parari
501 2614 617 2685 placuit.
648 2610 788 2667 Nabdalsa
799 2612 834 2668 ad
845 2612 950 2669 exerei-

154 2703 213 2751 tum
223 2691 373 2770 proieetus,
395 2703 479 2758 quem
489 2688 562 2741 inter
571 2686 687 2740 hiberna
698 2686 883 2744 Romanorum
893 2688 952 2743 ius-

156 2789 205 2828 sus
218 2767 348 2831 habebat,
370 2775 493 2832 neeger,
514 2761 612 2814 inultis
626 2757 768 2829 hostibus,
787 2771 952 2822 vastaretur.
