<?xml version="1.0" encoding="UTF-8"?>
<!DOCTYPE html PUBLIC "-//W3C//DTD XHTML 1.0 Transitional//EN"
    "http://www.w3.org/TR/xhtml1/DTD/xhtml1-transitional.dtd">
<html xmlns="http://www.w3.org/1999/xhtml" xml:lang="en" lang="en">
 <head>
  <title>
</title>
<meta http-equiv="Content-Type" content="text/html;charset=utf-8" />
  <meta name='ocr-system' content='tesseract 3.04.00' />
  <meta name='ocr-capabilities' content='ocr_page ocr_carea ocr_par ocr_line ocrx_word'/>
</head>
<body>
  <div class='ocr_page' id='page_1' title='image "./ccrispisallusti00nobbgoog_0112.png"; bbox 0 0 2070 3036; ppageno 0'>
   <div class='ocr_carea' id='block_1_1' title="bbox 210 215 865 267">
    <p class='ocr_par' dir='ltr' id='par_1_1' title="bbox 210 215 865 267">
     <span class='ocr_line' id='line_1_1' title="bbox 210 215 865 267; baseline 0.005 -3"><span class='ocrx_word' id='word_1_1' title='bbox 210 218 497 265; x_wconf 79' lang='lat' dir='ltr'>IUGURTHINUM.</span> <span class='ocrx_word' id='word_1_2' title='bbox 519 220 598 266; x_wconf 83' lang='lat' dir='ltr'>CAP.</span> <span class='ocrx_word' id='word_1_3' title='bbox 620 220 728 266; x_wconf 73' lang='lat'><strong>51—58.</strong></span> <span class='ocrx_word' id='word_1_4' title='bbox 832 215 865 267; x_wconf 84' lang='grc'><strong>93</strong></span> 
     </span>
    </p>
   </div>
   <div class='ocr_carea' id='block_1_2' title="bbox 10 313 890 2291">
    <p class='ocr_par' dir='ltr' id='par_1_2' title="bbox 13 313 890 1304">
     <span class='ocr_line' id='line_1_2' title="bbox 50 313 865 395; baseline 0 -17"><span class='ocrx_word' id='word_1_5' title='bbox 50 317 210 395; x_wconf 84' lang='lat' dir='ltr'><strong>elephantis</strong></span> <span class='ocrx_word' id='word_1_6' title='bbox 226 329 252 375; x_wconf 91' lang='lat' dir='ltr'><strong>et</strong></span> <span class='ocrx_word' id='word_1_7' title='bbox 266 322 338 394; x_wconf 88' lang='lat' dir='ltr'><strong>parti</strong></span> <span class='ocrx_word' id='word_1_8' title='bbox 353 313 493 393; x_wconf 77' lang='lat' dir='ltr'><strong>&#39;copiarum</strong></span> <span class='ocrx_word' id='word_1_9' title='bbox 509 319 680 393; x_wconf 78' lang='lat' dir='ltr'>pedestrium</span> <span class='ocrx_word' id='word_1_10' title='bbox 694 320 865 392; x_wconf 83' lang='lat' dir='ltr'><strong>praefectum</strong></span> 
     </span>
     <span class='ocr_line' id='line_1_3' title="bbox 50 395 864 471; baseline 0.002 -19"><span class='ocrx_word' id='word_1_11' title='bbox 50 398 84 452; x_wconf 84' lang='lat' dir='ltr'><strong>ab</strong></span> <span class='ocrx_word' id='word_1_12' title='bbox 93 396 228 471; x_wconf 82' lang='lat' dir='ltr'><strong>Iugurtha</strong></span> <span class='ocrx_word' id='word_1_13' title='bbox 239 414 322 468; x_wconf 91' lang='lat' dir='ltr'><strong>supra</strong></span> <span class='ocrx_word' id='word_1_14' title='bbox 334 396 467 464; x_wconf 81' lang='lat' dir='ltr'><strong>diximus,</strong></span> <span class='ocrx_word' id='word_1_15' title='bbox 480 395 531 452; x_wconf 92' lang='lat' dir='ltr'><strong>ubi</strong></span> <span class='ocrx_word' id='word_1_16' title='bbox 542 413 605 451; x_wconf 89' lang='lat' dir='ltr'><strong>eum</strong></span> <span class='ocrx_word' id='word_1_17' title='bbox 612 396 733 452; x_wconf 87' lang='lat' dir='ltr'><strong>Rutilius</strong></span> <span class='ocrx_word' id='word_1_18' title='bbox 742 406 864 469; x_wconf 81' lang='lat' dir='ltr'><strong>praeter-</strong></span> 
     </span>
     <span class='ocr_line' id='line_1_4' title="bbox 50 471 890 548; baseline 0.001 -20"><span class='ocrx_word' id='word_1_19' title='bbox 50 489 166 548; x_wconf 77' lang='lat' dir='ltr'><strong>gressus</strong></span> <span class='ocrx_word' id='word_1_20' title='bbox 181 481 235 538; x_wconf 89' lang='lat' dir='ltr'><strong>est,</strong></span> <span class='ocrx_word' id='word_1_21' title='bbox 256 471 402 544; x_wconf 80' lang='lat' dir='ltr'><strong>paullatim</strong></span> <span class='ocrx_word' id='word_1_22' title='bbox 416 490 481 529; x_wconf 89' lang='lat' dir='ltr'><strong>suos</strong></span> <span class='ocrx_word' id='word_1_23' title='bbox 491 474 522 529; x_wconf 92' lang='lat' dir='ltr'><strong>in</strong></span> <span class='ocrx_word' id='word_1_24' title='bbox 533 488 652 544; x_wconf 90' lang='lat' dir='ltr'><strong>aequum</strong></span> <span class='ocrx_word' id='word_1_25' title='bbox 667 472 759 527; x_wconf 84' lang='lat' dir='ltr'><strong>locum</strong></span> <span class='ocrx_word' id='word_1_26' title='bbox 775 472 864 529; x_wconf 87' lang='lat' dir='ltr'><strong>dedu-</strong></span> <span class='ocrx_word' id='word_1_27' title='bbox 889 529 890 536; x_wconf 66' lang='grc'>,</span> 
     </span>
     <span class='ocr_line' id='line_1_5' title="bbox 50 546 862 622; baseline 0.004 -19"><span class='ocrx_word' id='word_1_28' title='bbox 50 552 102 605; x_wconf 89' lang='lat' dir='ltr'><strong>cit:</strong></span> <span class='ocrx_word' id='word_1_29' title='bbox 116 565 163 613; x_wconf 85' lang='lat' dir='ltr'><strong>ao,</strong></span> <span class='ocrx_word' id='word_1_30' title='bbox 177 547 244 603; x_wconf 91' lang='lat' dir='ltr'><strong>dum</strong></span> <span class='ocrx_word' id='word_1_31' title='bbox 255 548 363 622; x_wconf 81' lang='lat' dir='ltr'><strong>legatus</strong></span> <span class='ocrx_word' id='word_1_32' title='bbox 374 548 408 604; x_wconf 84' lang='lat' dir='ltr'><strong>ad</strong></span> <span class='ocrx_word' id='word_1_33' title='bbox 418 546 536 613; x_wconf 90' lang='lat' dir='ltr'><strong>llumen,</strong></span> <span class='ocrx_word' id='word_1_34' title='bbox 548 563 604 620; x_wconf 89' lang='lat' dir='ltr'><strong>quo</strong></span> <span class='ocrx_word' id='word_1_35' title='bbox 614 548 784 620; x_wconf 88' lang='lat' dir='ltr'><strong>praemissus</strong></span> <span class='ocrx_word' id='word_1_36' title='bbox 795 559 862 615; x_wconf 87' lang='lat' dir='ltr'><strong>erat,</strong></span> 
     </span>
     <span class='ocr_line' id='line_1_6' title="bbox 14 622 863 698; baseline 0 -18"><span class='ocrx_word' id='word_1_37' title='bbox 14 655 15 662; x_wconf 24' lang='grc' dir='ltr'><strong>κ</strong></span> <span class='ocrx_word' id='word_1_38' title='bbox 52 626 188 680; x_wconf 76' lang='lat' dir='ltr'><strong>festinans</strong></span> <span class='ocrx_word' id='word_1_39' title='bbox 198 624 303 698; x_wconf 80' lang='lat' dir='ltr'><strong>pergit,</strong></span> <span class='ocrx_word' id='word_1_40' title='bbox 324 625 451 697; x_wconf 89' lang='lat' dir='ltr'><strong>quietus,</strong></span> <span class='ocrx_word' id='word_1_41' title='bbox 473 625 513 680; x_wconf 89' lang='lat' dir='ltr'><strong>uti</strong></span> <span class='ocrx_word' id='word_1_42' title='bbox 527 641 572 679; x_wconf 84' lang='lat' dir='ltr'><strong>res</strong></span> <span class='ocrx_word' id='word_1_43' title='bbox 582 622 753 697; x_wconf 89' lang='lat' dir='ltr'><strong>postulabat,</strong></span> <span class='ocrx_word' id='word_1_44' title='bbox 775 626 863 681; x_wconf 81' lang='lat' dir='ltr'><strong>aciem</strong></span> 
     </span>
     <span class='ocr_line' id='line_1_7' title="bbox 13 698 861 775; baseline 0.006 -23"><span class='ocrx_word' id='word_1_45' title='bbox 13 749 14 752; x_wconf 74' lang='grc'>,</span> <span class='ocrx_word' id='word_1_46' title='bbox 51 707 180 756; x_wconf 84' lang='lat' dir='ltr'><strong>exornat:</strong></span> <span class='ocrx_word' id='word_1_47' title='bbox 203 715 293 772; x_wconf 90' lang='lat' dir='ltr'><strong>neque</strong></span> <span class='ocrx_word' id='word_1_48' title='bbox 307 701 436 766; x_wconf 82' lang='lat' dir='ltr'><strong>remittit,</strong></span> <span class='ocrx_word' id='word_1_49' title='bbox 457 700 527 773; x_wconf 90' lang='lat' dir='ltr'><strong>quid</strong></span> <span class='ocrx_word' id='word_1_50' title='bbox 541 698 648 772; x_wconf 88' lang='lat' dir='ltr'><strong>ubique</strong></span> <span class='ocrx_word' id='word_1_51' title='bbox 662 699 861 775; x_wconf 80' lang='lat' dir='ltr'><strong>hostisageret,</strong></span> 
     </span>
     <span class='ocr_line' id='line_1_8' title="bbox 13 774 864 849; baseline 0.002 -18"><span class='ocrx_word' id='word_1_52' title='bbox 13 781 14 786; x_wconf 77' lang='grc'>’</span> <span class='ocrx_word' id='word_1_53' title='bbox 51 777 206 849; x_wconf 86' lang='lat' dir='ltr'><strong>explorare.</strong></span> <span class='ocrx_word' id='word_1_54' title='bbox 256 776 404 848; x_wconf 86' lang='lat' dir='ltr'><strong>Postquam</strong></span> <span class='ocrx_word' id='word_1_55' title='bbox 424 777 560 833; x_wconf 83' lang='lat' dir='ltr'><strong>Rutilium</strong></span> <span class='ocrx_word' id='word_1_56' title='bbox 583 774 743 831; x_wconf 79' lang='lat' dir='ltr'><strong>consedisse</strong></span> <span class='ocrx_word' id='word_1_57' title='bbox 761 777 817 832; x_wconf 89' lang='lat' dir='ltr'><strong>iam</strong></span> <span class='ocrx_word' id='word_1_58' title='bbox 837 786 864 833; x_wconf 84' lang='lat' dir='ltr'><strong>et</strong></span> 
     </span>
     <span class='ocr_line' id='line_1_9' title="bbox 51 851 864 926; baseline 0.002 -20"><span class='ocrx_word' id='word_1_59' title='bbox 51 855 145 908; x_wconf 82' lang='lat' dir='ltr'><strong>animo</strong></span> <span class='ocrx_word' id='word_1_60' title='bbox 154 867 273 906; x_wconf 88' lang='lat' dir='ltr'><strong>vacuum</strong></span> <span class='ocrx_word' id='word_1_61' title='bbox 285 852 405 926; x_wconf 86' lang='lat' dir='ltr'><strong>accepit,</strong></span> <span class='ocrx_word' id='word_1_62' title='bbox 427 853 569 925; x_wconf 91' lang='lat' dir='ltr'><strong>simulque</strong></span> <span class='ocrx_word' id='word_1_63' title='bbox 580 868 615 908; x_wconf 89' lang='lat' dir='ltr'><strong>ex</strong></span> <span class='ocrx_word' id='word_1_64' title='bbox 623 851 772 925; x_wconf 85' lang='lat' dir='ltr'><strong>Iugurthae</strong></span> <span class='ocrx_word' id='word_1_65' title='bbox 783 869 864 923; x_wconf 88' lang='lat' dir='ltr'><strong>prae-</strong></span> 
     </span>
     <span class='ocr_line' id='line_1_10' title="bbox 49 927 861 1004; baseline 0 -20"><span class='ocrx_word' id='word_1_66' title='bbox 49 929 87 985; x_wconf 91' lang='lat' dir='ltr'><strong>lio</strong></span> <span class='ocrx_word' id='word_1_67' title='bbox 98 927 247 984; x_wconf 69' lang='lat' dir='ltr'><strong>clamorem</strong></span> <span class='ocrx_word' id='word_1_68' title='bbox 260 929 369 1004; x_wconf 78' lang='lat' dir='ltr'><strong>augeri3</strong></span> <span class='ocrx_word' id='word_1_69' title='bbox 387 929 507 994; x_wconf 83' lang='lat' dir='ltr'><strong>veritus,</strong></span> <span class='ocrx_word' id='word_1_70' title='bbox 523 945 558 982; x_wconf 92' lang='lat' dir='ltr'><strong>ne</strong></span> <span class='ocrx_word' id='word_1_71' title='bbox 568 929 690 1001; x_wconf 80' lang='lat' dir='ltr'><strong>legatus,</strong></span> <span class='ocrx_word' id='word_1_72' title='bbox 702 929 812 1002; x_wconf 80' lang='lat' dir='ltr'><strong>cognita</strong></span> <span class='ocrx_word' id='word_1_73' title='bbox 822 947 861 994; x_wconf 91' lang='lat' dir='ltr'><strong>re,</strong></span> 
     </span>
     <span class='ocr_line' id='line_1_11' title="bbox 49 1003 864 1075; baseline 0 -16"><span class='ocrx_word' id='word_1_74' title='bbox 49 1003 242 1060; x_wconf 84' lang='lat' dir='ltr'><strong>laborantibus</strong></span> <span class='ocrx_word' id='word_1_75' title='bbox 253 1005 312 1059; x_wconf 88' lang='lat' dir='ltr'><strong>suis</strong></span> <span class='ocrx_word' id='word_1_76' title='bbox 323 1003 428 1060; x_wconf 87' lang='lat' dir='ltr'><strong>auxilio</strong></span> <span class='ocrx_word' id='word_1_77' title='bbox 442 1003 524 1069; x_wconf 88' lang='lat' dir='ltr'><strong>loret,</strong></span> <span class='ocrx_word' id='word_1_78' title='bbox 545 1005 647 1068; x_wconf 85' lang='lat' dir='ltr'><strong>aciem,</strong></span> <span class='ocrx_word' id='word_1_79' title='bbox 667 1019 766 1075; x_wconf 90' lang='lat' dir='ltr'><strong>quam,</strong></span> <span class='ocrx_word' id='word_1_80' title='bbox 788 1004 864 1059; x_wconf 85' lang='lat' dir='ltr'><strong>diifi·</strong></span> 
     </span>
     <span class='ocr_line' id='line_1_12' title="bbox 48 1079 864 1152; baseline 0.002 -18"><span class='ocrx_word' id='word_1_81' title='bbox 48 1080 118 1136; x_wconf 88' lang='lat' dir='ltr'><strong>dens</strong></span> <span class='ocrx_word' id='word_1_82' title='bbox 125 1079 223 1135; x_wconf 87' lang='lat' dir='ltr'><strong>virtuti</strong></span> <span class='ocrx_word' id='word_1_83' title='bbox 234 1080 370 1144; x_wconf 91' lang='lat' dir='ltr'><strong>militum,</strong></span> <span class='ocrx_word' id='word_1_84' title='bbox 383 1089 455 1136; x_wconf 87' lang='lat' dir='ltr'><strong>arcte</strong></span> <span class='ocrx_word' id='word_1_85' title='bbox 465 1088 609 1145; x_wconf 78' lang='lat' dir='ltr'><strong>statuerat,</strong></span> <span class='ocrx_word' id='word_1_86' title='bbox 618 1096 673 1152; x_wconf 90' lang='lat' dir='ltr'><strong>quo</strong></span> <span class='ocrx_word' id='word_1_87' title='bbox 684 1079 804 1136; x_wconf 83' lang='lat' dir='ltr'><strong>hostium</strong></span> <span class='ocrx_word' id='word_1_88' title='bbox 816 1081 864 1136; x_wconf 90' lang='lat' dir='ltr'><strong>iti-</strong></span> 
     </span>
     <span class='ocr_line' id='line_1_13' title="bbox 48 1153 863 1230; baseline 0.001 -20"><span class='ocrx_word' id='word_1_89' title='bbox 48 1156 108 1212; x_wconf 87' lang='lat' dir='ltr'><strong>neri</strong></span> <span class='ocrx_word' id='word_1_90' title='bbox 120 1154 266 1218; x_wconf 86' lang='lat' dir='ltr'><strong>obliceret,</strong></span> <span class='ocrx_word' id='word_1_91' title='bbox 284 1155 368 1212; x_wconf 90' lang='lat' dir='ltr'><strong>latius</strong></span> <span class='ocrx_word' id='word_1_92' title='bbox 377 1157 508 1230; x_wconf 72' lang='lat' dir='ltr'><strong>porrigit,</strong></span> <span class='ocrx_word' id='word_1_93' title='bbox 529 1173 617 1228; x_wconf 90' lang='lat' dir='ltr'><strong>eoque</strong></span> <span class='ocrx_word' id='word_1_94' title='bbox 628 1153 709 1210; x_wconf 94' lang='lat' dir='ltr'><strong>modo</strong></span> <span class='ocrx_word' id='word_1_95' title='bbox 720 1154 754 1210; x_wconf 90' lang='lat' dir='ltr'><strong>ad</strong></span> <span class='ocrx_word' id='word_1_96' title='bbox 765 1156 863 1212; x_wconf 85' lang='lat' dir='ltr'><strong>Rutilii</strong></span> 
     </span>
     <span class='ocr_line' id='line_1_14' title="bbox 48 1230 285 1304; baseline -0.013 -17"><span class='ocrx_word' id='word_1_97' title='bbox 48 1241 139 1287; x_wconf 88' lang='lat' dir='ltr'><strong>castra</strong></span> <span class='ocrx_word' id='word_1_98' title='bbox 150 1230 285 1304; x_wconf 88' lang='lat' dir='ltr'><strong>procedit.</strong></span> 
     </span>
    </p>

    <p class='ocr_par' dir='ltr' id='par_1_3' title="bbox 10 1306 863 2291">
     <span class='ocr_line' id='line_1_15' title="bbox 104 1306 862 1381; baseline 0 -18"><span class='ocrx_word' id='word_1_99' title='bbox 104 1307 175 1363; x_wconf 85' lang='lat' dir='ltr'>L111.</span> <span class='ocrx_word' id='word_1_100' title='bbox 190 1307 305 1362; x_wconf 87' lang='lat' dir='ltr'><strong>Romani</strong></span> <span class='ocrx_word' id='word_1_101' title='bbox 321 1323 355 1362; x_wconf 86' lang='lat' dir='ltr'><strong>ex</strong></span> <span class='ocrx_word' id='word_1_102' title='bbox 367 1308 518 1378; x_wconf 88' lang='lat' dir='ltr'><strong>improviso</strong></span> <span class='ocrx_word' id='word_1_103' title='bbox 529 1306 654 1378; x_wconf 86' lang='lat' dir='ltr'><strong>pulveris</strong></span> <span class='ocrx_word' id='word_1_104' title='bbox 664 1308 723 1361; x_wconf 85' lang='lat' dir='ltr'><strong>vim</strong></span> <span class='ocrx_word' id='word_1_105' title='bbox 734 1323 862 1381; x_wconf 84' lang='lat' dir='ltr'><strong>magnam</strong></span> 
     </span>
     <span class='ocr_line' id='line_1_16' title="bbox 47 1381 863 1457; baseline 0.001 -19"><span class='ocrx_word' id='word_1_106' title='bbox 47 1382 288 1450; x_wconf 83' lang='lat' dir='ltr'><strong>animadvertunt;</strong></span> <span class='ocrx_word' id='word_1_107' title='bbox 312 1400 374 1439; x_wconf 91' lang='lat' dir='ltr'><strong>nam</strong></span> <span class='ocrx_word' id='word_1_108' title='bbox 391 1391 567 1455; x_wconf 86' lang='lat' dir='ltr'><strong>prospectum</strong></span> <span class='ocrx_word' id='word_1_109' title='bbox 583 1399 648 1457; x_wconf 81' lang='lat' dir='ltr'><strong>ager</strong></span> <span class='ocrx_word' id='word_1_110' title='bbox 663 1381 783 1438; x_wconf 88' lang='lat' dir='ltr'><strong>arbustis</strong></span> <span class='ocrx_word' id='word_1_111' title='bbox 797 1401 863 1439; x_wconf 91' lang='lat' dir='ltr'><strong>oon-</strong></span> 
     </span>
     <span class='ocr_line' id='line_1_17' title="bbox 45 1457 861 1532; baseline 0 -18"><span class='ocrx_word' id='word_1_112' title='bbox 45 1463 119 1516; x_wconf 86' lang='lat' dir='ltr'><strong>situs</strong></span> <span class='ocrx_word' id='word_1_113' title='bbox 140 1457 316 1532; x_wconf 90' lang='lat' dir='ltr'><strong>prohibebat.</strong></span> <span class='ocrx_word' id='word_1_114' title='bbox 356 1459 390 1513; x_wconf 90' lang='lat' dir='ltr'><strong>Et</strong></span> <span class='ocrx_word' id='word_1_115' title='bbox 409 1459 499 1532; x_wconf 91' lang='lat' dir='ltr'><strong>primo</strong></span> <span class='ocrx_word' id='word_1_116' title='bbox 519 1460 584 1522; x_wconf 89' lang='lat' dir='ltr'><strong>rati,</strong></span> <span class='ocrx_word' id='word_1_117' title='bbox 619 1459 735 1513; x_wconf 90' lang='lat' dir='ltr'><strong>humum</strong></span> <span class='ocrx_word' id='word_1_118' title='bbox 757 1459 861 1514; x_wconf 89' lang='lat' dir='ltr'><strong>aridam</strong></span> 
     </span>
     <span class='ocr_line' id='line_1_18' title="bbox 10 1534 861 1608; baseline 0.002 -18"><span class='ocrx_word' id='word_1_119' title='bbox 10 1581 12 1584; x_wconf 95' lang='lat'>.</span> <span class='ocrx_word' id='word_1_120' title='bbox 45 1544 132 1592; x_wconf 88' lang='lat' dir='ltr'><strong>vento</strong></span> <span class='ocrx_word' id='word_1_121' title='bbox 144 1534 256 1608; x_wconf 80' lang='lat' dir='ltr'><strong>agitari:</strong></span> <span class='ocrx_word' id='word_1_122' title='bbox 278 1543 341 1608; x_wconf 88' lang='lat' dir='ltr'><strong>post</strong></span> <span class='ocrx_word' id='word_1_123' title='bbox 351 1534 400 1588; x_wconf 92' lang='lat' dir='ltr'><strong>ubi</strong></span> <span class='ocrx_word' id='word_1_124' title='bbox 412 1535 586 1607; x_wconf 88' lang='lat' dir='ltr'><strong>aequabilem</strong></span> <span class='ocrx_word' id='word_1_125' title='bbox 596 1551 708 1589; x_wconf 88' lang='lat' dir='ltr'><strong>manere</strong></span> <span class='ocrx_word' id='word_1_126' title='bbox 719 1544 758 1597; x_wconf 90' lang='lat' dir='ltr'><strong>et,</strong></span> <span class='ocrx_word' id='word_1_127' title='bbox 779 1537 861 1592; x_wconf 85' lang='lat' dir='ltr'><strong>sicuti</strong></span> 
     </span>
     <span class='ocr_line' id='line_1_19' title="bbox 46 1609 863 1686; baseline 0 -20"><span class='ocrx_word' id='word_1_128' title='bbox 46 1613 122 1668; x_wconf 85' lang='lat' dir='ltr'><strong>acies</strong></span> <span class='ocrx_word' id='word_1_129' title='bbox 135 1609 311 1675; x_wconf 84' lang='lat' dir='ltr'><strong>movebatur,</strong></span> <span class='ocrx_word' id='word_1_130' title='bbox 325 1611 574 1686; x_wconf 79' lang='lat' dir='ltr'><strong>&#39;magismagisqne</strong></span> <span class='ocrx_word' id='word_1_131' title='bbox 585 1611 807 1683; x_wconf 88' lang='lat' dir='ltr'><strong>appropinquare</strong></span> <span class='ocrx_word' id='word_1_132' title='bbox 818 1613 863 1666; x_wconf 89' lang='lat' dir='ltr'><strong>vi-</strong></span> 
     </span>
     <span class='ocr_line' id='line_1_20' title="bbox 46 1687 862 1760; baseline 0.001 -18"><span class='ocrx_word' id='word_1_133' title='bbox 46 1687 128 1752; x_wconf 91' lang='lat' dir='ltr'><strong>dent,</strong></span> <span class='ocrx_word' id='word_1_134' title='bbox 151 1687 262 1760; x_wconf 82' lang='lat' dir='ltr'><strong>cognita</strong></span> <span class='ocrx_word' id='word_1_135' title='bbox 278 1703 321 1750; x_wconf 92' lang='lat' dir='ltr'><strong>re,</strong></span> <span class='ocrx_word' id='word_1_136' title='bbox 339 1696 518 1759; x_wconf 86' lang='lat' dir='ltr'><strong>properantes</strong></span> <span class='ocrx_word' id='word_1_137' title='bbox 534 1703 608 1743; x_wconf 89' lang='lat' dir='ltr'><strong>arma</strong></span> <span class='ocrx_word' id='word_1_138' title='bbox 622 1687 748 1759; x_wconf 89' lang='lat' dir='ltr'><strong>capiunt,</strong></span> <span class='ocrx_word' id='word_1_139' title='bbox 770 1704 802 1743; x_wconf 84' lang='lat' dir='ltr'><strong>ao</strong></span> <span class='ocrx_word' id='word_1_140' title='bbox 812 1705 862 1760; x_wconf 81' lang='lat' dir='ltr'><strong>pru</strong></span> 
     </span>
     <span class='ocr_line' id='line_1_21' title="bbox 46 1761 860 1836; baseline 0 -17"><span class='ocrx_word' id='word_1_141' title='bbox 46 1763 161 1827; x_wconf 85' lang='lat' dir='ltr'><strong>castris,</strong></span> <span class='ocrx_word' id='word_1_142' title='bbox 173 1763 256 1819; x_wconf 89' lang='lat' dir='ltr'><strong>sicuti</strong></span> <span class='ocrx_word' id='word_1_143' title='bbox 268 1761 469 1836; x_wconf 83' lang='lat' dir='ltr'><strong>imperabatur,</strong></span> <span class='ocrx_word' id='word_1_144' title='bbox 483 1763 647 1818; x_wconf 86' lang='lat' dir='ltr'><strong>consistunt.</strong></span> <span class='ocrx_word' id='word_1_145' title='bbox 678 1761 796 1827; x_wconf 86' lang='lat' dir='ltr'><strong>Deinde,</strong></span> <span class='ocrx_word' id='word_1_146' title='bbox 812 1764 860 1819; x_wconf 94' lang='lat' dir='ltr'><strong>ubi</strong></span> 
     </span>
     <span class='ocr_line' id='line_1_22' title="bbox 45 1837 863 1912; baseline 0.002 -18"><span class='ocrx_word' id='word_1_147' title='bbox 45 1839 164 1912; x_wconf 88' lang='lat' dir='ltr'><strong>propius</strong></span> <span class='ocrx_word' id='word_1_148' title='bbox 180 1845 293 1893; x_wconf 85' lang='lat' dir='ltr'><strong>ventum</strong></span> <span class='ocrx_word' id='word_1_149' title='bbox 315 1845 369 1902; x_wconf 91' lang='lat' dir='ltr'><strong>est,</strong></span> <span class='ocrx_word' id='word_1_150' title='bbox 394 1839 534 1912; x_wconf 89' lang='lat' dir='ltr'><strong>utrimque</strong></span> <span class='ocrx_word' id='word_1_151' title='bbox 549 1853 649 1912; x_wconf 79' lang='lat' dir='ltr'><strong>magno</strong></span> <span class='ocrx_word' id='word_1_152' title='bbox 663 1837 781 1893; x_wconf 87' lang='lat' dir='ltr'><strong>clamore</strong></span> <span class='ocrx_word' id='word_1_153' title='bbox 796 1855 863 1895; x_wconf 83' lang='lat' dir='ltr'><strong>oon-</strong></span> 
     </span>
     <span class='ocr_line' id='line_1_23' title="bbox 45 1911 860 1978; baseline 0.001 -7"><span class='ocrx_word' id='word_1_154' title='bbox 45 1916 179 1971; x_wconf 89' lang='lat' dir='ltr'><strong>curritur.</strong></span> <span class='ocrx_word' id='word_1_155' title='bbox 219 1911 369 1970; x_wconf 88' lang='lat' dir='ltr'><strong>Numidae.</strong></span> <span class='ocrx_word' id='word_1_156' title='bbox 386 1922 492 1972; x_wconf 90' lang='lat' dir='ltr'><strong>tantum</strong></span> <span class='ocrx_word' id='word_1_157' title='bbox 503 1914 585 1970; x_wconf 91' lang='lat' dir='ltr'><strong>modo</strong></span> <span class='ocrx_word' id='word_1_158' title='bbox 595 1915 738 1978; x_wconf 84' lang='lat' dir='ltr'><strong>remorati,</strong></span> <span class='ocrx_word' id='word_1_159' title='bbox 755 1913 821 1969; x_wconf 90' lang='lat' dir='ltr'><strong>dum</strong></span> <span class='ocrx_word' id='word_1_160' title='bbox 832 1919 860 1972; x_wconf 89' lang='lat' dir='ltr'><strong>in</strong></span> 
     </span>
     <span class='ocr_line' id='line_1_24' title="bbox 46 1989 861 2063; baseline -0.002 -15"><span class='ocrx_word' id='word_1_161' title='bbox 46 1989 205 2063; x_wconf 86' lang='lat' dir='ltr'><strong>elephantis</strong></span> <span class='ocrx_word' id='word_1_162' title='bbox 217 1990 354 2045; x_wconf 90' lang='lat' dir='ltr'><strong>auxilium</strong></span> <span class='ocrx_word' id='word_1_163' title='bbox 365 1997 476 2062; x_wconf 89' lang='lat' dir='ltr'><strong>putant,</strong></span> <span class='ocrx_word' id='word_1_164' title='bbox 498 2000 644 2063; x_wconf 83' lang='lat' dir='ltr'><strong>postquam</strong></span> <span class='ocrx_word' id='word_1_165' title='bbox 656 2006 702 2045; x_wconf 89' lang='lat' dir='ltr'><strong>eos</strong></span> <span class='ocrx_word' id='word_1_166' title='bbox 711 1989 861 2061; x_wconf 84' lang='lat' dir='ltr'><strong>impeditos</strong></span> 
     </span>
     <span class='ocr_line' id='line_1_25' title="bbox 46 2065 862 2138; baseline 0 -15"><span class='ocrx_word' id='word_1_167' title='bbox 46 2067 133 2123; x_wconf 87' lang='lat' dir='ltr'><strong>ramis</strong></span> <span class='ocrx_word' id='word_1_168' title='bbox 148 2065 277 2121; x_wconf 90' lang='lat' dir='ltr'><strong>arborum</strong></span> <span class='ocrx_word' id='word_1_169' title='bbox 296 2074 378 2138; x_wconf 88' lang='lat' dir='ltr'><strong>atque</strong></span> <span class='ocrx_word' id='word_1_170' title='bbox 393 2067 431 2121; x_wconf 88' lang='lat' dir='ltr'><strong>ita</strong></span> <span class='ocrx_word' id='word_1_171' title='bbox 452 2065 583 2123; x_wconf 85' lang='lat' dir='ltr'><strong>disiectos</strong></span> <span class='ocrx_word' id='word_1_172' title='bbox 605 2067 802 2122; x_wconf 86' lang='lat' dir='ltr'><strong>circumveniri</strong></span> <span class='ocrx_word' id='word_1_173' title='bbox 817 2070 862 2123; x_wconf 87' lang='lat' dir='ltr'><strong>vi-</strong></span> 
     </span>
     <span class='ocr_line' id='line_1_26' title="bbox 46 2140 862 2216; baseline 0.001 -17"><span class='ocrx_word' id='word_1_174' title='bbox 46 2144 123 2208; x_wconf 86' lang='lat' dir='ltr'><strong>dent,</strong></span> <span class='ocrx_word' id='word_1_175' title='bbox 141 2140 236 2216; x_wconf 78' lang='lat' dir='ltr'><strong>lugam</strong></span> <span class='ocrx_word' id='word_1_176' title='bbox 248 2141 362 2206; x_wconf 81' lang='lat' dir='ltr'><strong>iaciunt,</strong></span> <span class='ocrx_word' id='word_1_177' title='bbox 377 2159 408 2196; x_wconf 86' lang='lat' dir='ltr'><strong>ac</strong></span> <span class='ocrx_word' id='word_1_178' title='bbox 418 2141 556 2216; x_wconf 83' lang='lat' dir='ltr'><strong>plerique,</strong></span> <span class='ocrx_word' id='word_1_179' title='bbox 569 2142 685 2198; x_wconf 74' lang='lat' dir='ltr'><strong>abiectis</strong></span> <span class='ocrx_word' id='word_1_180' title='bbox 697 2143 791 2206; x_wconf 90' lang='lat' dir='ltr'><strong>armis,</strong></span> <span class='ocrx_word' id='word_1_181' title='bbox 804 2145 862 2200; x_wconf 86' lang='lat' dir='ltr'><strong>ool-</strong></span> 
     </span>
     <span class='ocr_line' id='line_1_27' title="bbox 47 2217 859 2291; baseline 0 -16"><span class='ocrx_word' id='word_1_182' title='bbox 47 2221 81 2275; x_wconf 88' lang='lat' dir='ltr'><strong>lis</strong></span> <span class='ocrx_word' id='word_1_183' title='bbox 92 2225 141 2274; x_wconf 87' lang='lat' dir='ltr'><strong>aut</strong></span> <span class='ocrx_word' id='word_1_184' title='bbox 152 2217 250 2282; x_wconf 85' lang='lat' dir='ltr'><strong>noctis,</strong></span> <span class='ocrx_word' id='word_1_185' title='bbox 258 2234 330 2290; x_wconf 91' lang='lat' dir='ltr'><strong>quae</strong></span> <span class='ocrx_word' id='word_1_186' title='bbox 341 2219 396 2273; x_wconf 90' lang='lat' dir='ltr'><strong>iam</strong></span> <span class='ocrx_word' id='word_1_187' title='bbox 408 2218 510 2283; x_wconf 91' lang='lat' dir='ltr'><strong>aderat,</strong></span> <span class='ocrx_word' id='word_1_188' title='bbox 519 2219 624 2274; x_wconf 87' lang='lat' dir='ltr'><strong>auxilio</strong></span> <span class='ocrx_word' id='word_1_189' title='bbox 635 2218 735 2291; x_wconf 78' lang='lat' dir='ltr'><strong>integri</strong></span> <span class='ocrx_word' id='word_1_190' title='bbox 747 2217 859 2277; x_wconf 86' lang='lat' dir='ltr'><strong>abeunt.</strong></span> 
     </span>
    </p>
   </div>
   <div class='ocr_carea' id='block_1_3' title="bbox 47 2292 861 2823">
    <p class='ocr_par' dir='ltr' id='par_1_4' title="bbox 47 2292 861 2823">
     <span class='ocr_line' id='line_1_28' title="bbox 47 2292 860 2370; baseline 0.002 -20"><span class='ocrx_word' id='word_1_191' title='bbox 47 2293 194 2368; x_wconf 86' lang='lat' dir='ltr'><strong>Elephanti</strong></span> <span class='ocrx_word' id='word_1_192' title='bbox 206 2301 336 2366; x_wconf 88' lang='lat' dir='ltr'><strong>quattuor</strong></span> <span class='ocrx_word' id='word_1_193' title='bbox 346 2296 419 2367; x_wconf 86' lang='lat' dir='ltr'><strong>capti</strong></span> <span class='ocrx_word' id='word_1_194' title='bbox 427 2337 433 2358; x_wconf 94' lang='lat'><strong>,</strong></span> <span class='ocrx_word' id='word_1_195' title='bbox 442 2295 544 2367; x_wconf 87' lang='lat' dir='ltr'><strong>reliqui</strong></span> <span class='ocrx_word' id='word_1_196' title='bbox 554 2311 664 2358; x_wconf 89' lang='lat' dir='ltr'><strong>omnes,</strong></span> <span class='ocrx_word' id='word_1_197' title='bbox 677 2292 860 2370; x_wconf 81' lang='lat' dir='ltr'><strong>quadraginta</strong></span> 
     </span>
     <span class='ocr_line' id='line_1_29' title="bbox 49 2368 861 2443; baseline 0.005 -17"><span class='ocrx_word' id='word_1_198' title='bbox 49 2387 178 2433; x_wconf 86' lang='lat' dir='ltr'><strong>numero,</strong></span> <span class='ocrx_word' id='word_1_199' title='bbox 201 2368 350 2425; x_wconf 84' lang='lat' dir='ltr'><strong>interfecti.</strong></span> <span class='ocrx_word' id='word_1_200' title='bbox 391 2369 424 2424; x_wconf 84' lang='lat' dir='ltr'><strong>ht</strong></span> <span class='ocrx_word' id='word_1_201' title='bbox 435 2371 565 2436; x_wconf 85' lang='lat' dir='ltr'><strong>Romani,</strong></span> <span class='ocrx_word' id='word_1_202' title='bbox 581 2385 751 2443; x_wconf 87' lang='lat' dir='ltr'><strong>quamquam</strong></span> <span class='ocrx_word' id='word_1_203' title='bbox 760 2370 861 2429; x_wconf 86' lang='lat' dir='ltr'><strong>itinere</strong></span> 
     </span>
     <span class='ocr_line' id='line_1_30' title="bbox 47 2444 859 2520; baseline 0.005 -19"><span class='ocrx_word' id='word_1_204' title='bbox 47 2457 130 2520; x_wconf 87' lang='lat' dir='ltr'><strong>atque</strong></span> <span class='ocrx_word' id='word_1_205' title='bbox 144 2461 227 2519; x_wconf 88' lang='lat' dir='ltr'><strong>opere</strong></span> <span class='ocrx_word' id='word_1_206' title='bbox 242 2454 394 2502; x_wconf 84' lang='lat' dir='ltr'><strong>castrorum</strong></span> <span class='ocrx_word' id='word_1_207' title='bbox 406 2454 432 2500; x_wconf 89' lang='lat' dir='ltr'><strong>et</strong></span> <span class='ocrx_word' id='word_1_208' title='bbox 442 2447 547 2519; x_wconf 89' lang='lat' dir='ltr'><strong>praelio</strong></span> <span class='ocrx_word' id='word_1_209' title='bbox 562 2445 629 2502; x_wconf 85' lang='lat' dir='ltr'><strong>lessi</strong></span> <span class='ocrx_word' id='word_1_210' title='bbox 641 2444 761 2517; x_wconf 85' lang='lat' dir='ltr'><strong>laetique</strong></span> <span class='ocrx_word' id='word_1_211' title='bbox 772 2458 859 2514; x_wconf 88' lang='lat' dir='ltr'><strong>eraut,</strong></span> 
     </span>
     <span class='ocr_line' id='line_1_31' title="bbox 48 2519 857 2596; baseline 0.001 -19"><span class='ocrx_word' id='word_1_212' title='bbox 48 2535 153 2586; x_wconf 88' lang='lat' dir='ltr'><strong>tamen,</strong></span> <span class='ocrx_word' id='word_1_213' title='bbox 179 2519 254 2592; x_wconf 91' lang='lat' dir='ltr'><strong>quod</strong></span> <span class='ocrx_word' id='word_1_214' title='bbox 268 2521 397 2578; x_wconf 83' lang='lat' dir='ltr'><strong>Metellus</strong></span> <span class='ocrx_word' id='word_1_215' title='bbox 411 2523 532 2596; x_wconf 93' lang='lat' dir='ltr'><strong>amplius</strong></span> <span class='ocrx_word' id='word_1_216' title='bbox 545 2522 675 2594; x_wconf 87' lang='lat' dir='ltr'><strong>opinione</strong></span> <span class='ocrx_word' id='word_1_217' title='bbox 692 2524 857 2586; x_wconf 86' lang='lat' dir='ltr'><strong>morabatur,</strong></span> 
     </span>
     <span class='ocr_line' id='line_1_32' title="bbox 47 2597 860 2671; baseline 0 -19"><span class='ocrx_word' id='word_1_218' title='bbox 47 2597 176 2653; x_wconf 83' lang='lat' dir='ltr'><strong>instructi</strong></span> <span class='ocrx_word' id='word_1_219' title='bbox 191 2597 346 2669; x_wconf 89' lang='lat' dir='ltr'><strong>intentique</strong></span> <span class='ocrx_word' id='word_1_220' title='bbox 360 2597 471 2654; x_wconf 80' lang='lat' dir='ltr'><strong>obviam</strong></span> <span class='ocrx_word' id='word_1_221' title='bbox 486 2597 649 2671; x_wconf 86' lang='lat' dir='ltr'><strong>procedunt.</strong></span> <span class='ocrx_word' id='word_1_222' title='bbox 689 2598 759 2651; x_wconf 90' lang='lat' dir='ltr'><strong>Nam</strong></span> <span class='ocrx_word' id='word_1_223' title='bbox 779 2599 860 2654; x_wconf 89' lang='lat' dir='ltr'><strong>dolus</strong></span> 
     </span>
     <span class='ocr_line' id='line_1_33' title="bbox 47 2671 858 2748; baseline -0.002 -20"><span class='ocrx_word' id='word_1_224' title='bbox 47 2671 231 2728; x_wconf 85' lang='lat' dir='ltr'><strong>Numidarum</strong></span> <span class='ocrx_word' id='word_1_225' title='bbox 248 2672 318 2728; x_wconf 93' lang='lat' dir='ltr'><strong>nihil</strong></span> <span class='ocrx_word' id='word_1_226' title='bbox 335 2673 461 2748; x_wconf 78' lang='lat' dir='ltr'><strong>languidi</strong></span> <span class='ocrx_word' id='word_1_227' title='bbox 473 2691 563 2745; x_wconf 90' lang='lat' dir='ltr'><strong>neque</strong></span> <span class='ocrx_word' id='word_1_228' title='bbox 573 2671 682 2730; x_wconf 83' lang='lat' dir='ltr'><strong>remissi</strong></span> <span class='ocrx_word' id='word_1_229' title='bbox 692 2675 858 2746; x_wconf 84' lang='lat' dir='ltr'><strong>patiebatur.</strong></span> 
     </span>
     <span class='ocr_line' id='line_1_34' title="bbox 48 2748 855 2823; baseline -0.004 -18"><span class='ocrx_word' id='word_1_230' title='bbox 48 2754 85 2805; x_wconf 80' lang='lat' dir='ltr'><strong>hc</strong></span> <span class='ocrx_word' id='word_1_231' title='bbox 95 2751 187 2823; x_wconf 90' lang='lat' dir='ltr'><strong>primo</strong></span> <span class='ocrx_word' id='word_1_232' title='bbox 197 2748 313 2805; x_wconf 86' lang='lat' dir='ltr'><strong>obseura</strong></span> <span class='ocrx_word' id='word_1_233' title='bbox 325 2757 418 2814; x_wconf 88' lang='lat' dir='ltr'><strong>nocte,</strong></span> <span class='ocrx_word' id='word_1_234' title='bbox 438 2758 584 2822; x_wconf 90' lang='lat' dir='ltr'><strong>postquam</strong></span> <span class='ocrx_word' id='word_1_235' title='bbox 596 2751 671 2806; x_wconf 90' lang='lat' dir='ltr'><strong>haud</strong></span> <span class='ocrx_word' id='word_1_236' title='bbox 680 2749 778 2822; x_wconf 88' lang='lat' dir='ltr'><strong>procul</strong></span> <span class='ocrx_word' id='word_1_237' title='bbox 789 2750 855 2802; x_wconf 86' lang='lat' dir='ltr'><strong>inter</strong></span> 
     </span>
    </p>
   </div>
   <div class='ocr_carea' id='block_1_4' title="bbox 0 0 1040 3036">
    <p class='ocr_par' dir='ltr' id='par_1_5' title="bbox 0 0 1040 3036">
     <span class='ocr_line' id='line_1_35' title="bbox 0 0 1040 3036; baseline 0 1"><span class='ocrx_word' id='word_1_238' title='bbox 0 0 1040 3036; x_wconf 95' lang='lat' dir='ltr'><strong> </strong></span> 
     </span>
    </p>
   </div>
  </div>
 </body>
</html>
