2070 3036
219 199 508 250 IUGURTHINUM.
529 201 607 247 GAP.
627 203 736 248 tt-tt.
830 201 874 254 IIi

75 303 213 376 fossaque,
226 305 334 359 moenia
354 302 547 358 circumvenit.
586 303 691 359 Deinde
711 303 789 361 iubet
809 306 877 364 locis

74 399 110 438 ex
121 381 200 453 copia
210 396 339 436 maxume
350 378 458 435 idoneis
470 379 566 435 vineas
579 395 674 452 agere,
696 396 823 454 aggerem
835 384 878 440 ia·

74 475 151 522 cere,
174 464 200 512 et
214 473 299 529 super
314 472 442 530 aggerem
458 455 597 527 impositis
616 454 741 511 turribus
759 474 829 529 opus
850 468 877 516 et

74 533 253 590 administros
269 532 363 588 tutari.
403 531 501 587 Contra
511 531 580 586 haec
589 530 724 603 oppidani
734 531 874 602 festinare,

73 627 185 684 parare:
217 625 330 681 prorsus
351 607 386 662 ab
406 607 531 679 utrisque
553 605 623 663 nihil
644 606 784 679 reliquum
805 609 875 666 fieri.

73 688 199 759 Denique
208 685 337 750 Romani,
357 683 444 738 multo
455 692 517 739 ante
529 682 621 740 labore
631 683 801 757 praeliisque
812 684 877 742 lati-

73 764 145 838 gati,
168 769 230 834 post
245 761 305 817 dles
320 759 517 833 quadraginta,
538 776 623 831 quam
638 777 669 817 ec
681 769 793 816 ventum
807 771 874 829 erat,
938 793 940 798 ·

73 839 179 913 oppido
185 836 266 893 modo
270 836 351 910 potiti
359 856 365 891 ε
373 833 475 908 praeda
485 835 576 891 omnis
587 854 602 892 a
612 836 738 910 perfugis
748 847 876 911 corrupta

74 923 126 972 est.
157 914 179 969 Ii
189 922 335 987 postquam
346 928 457 967 murum
469 911 602 968 arietibus
613 910 690 968 feriri
701 929 801 985 resque
811 932 876 970 suas

73 989 190 1049 afflictas
202 988 311 1055 vident,
329 1005 426 1045 aurum
438 995 521 1060 atque
532 996 676 1061 argentum
687 988 792 1056 atalia,
805 1006 877 1061 quae

72 1069 164 1143 prima
184 1067 336 1132 ducuntur,
363 1063 478 1121 domum
491 1064 596 1138 regiam
615 1073 798 1137 comportant:
823 1066 874 1134 ihi,

74 1147 139 1202 vino
148 1151 176 1200 et
185 1143 276 1217 epulis
285 1141 405 1206 onerati,
427 1139 544 1212 illaque,
565 1140 733 1206 aldamum,
755 1150 877 1201 etsemet

72 1221 133 1296 igni
148 1226 342 1292 corrumpunt;
365 1225 405 1284 et,
427 1233 496 1289 quas
507 1216 574 1272 victi
590 1217 625 1274 ab
635 1217 763 1274 hostibus
772 1226 875 1291 poenas

72 1304 241 1360 metuerant,
254 1312 301 1351 eas
311 1294 368 1367 ipsi
378 1292 502 1351 volentes
512 1293 681 1367 pependere.

59 1415 63 1422 .
127 1372 263 1433 LXXVII.
283 1370 338 1426 Sed
349 1371 457 1443 pariter
470 1388 535 1426 cum
549 1379 630 1443 capta
640 1369 726 1426 Thala
742 1370 825 1444 legati
840 1390 875 1428 ex
952 1423 955 1428 .

67 1448 176 1524 'oppido
195 1449 276 1521 Lepti
296 1446 331 1502 ed
350 1446 492 1504 Metellum
512 1455 658 1513 venerant,
686 1456 808 1513 orentes,
833 1449 874 1504 uti
899 1515 900 1522 ἵ

71 1525 245 1601 praesidium
256 1522 481 1597 praefectumque
496 1541 527 1579 eo
537 1523 670 1591 mitteret;
692 1523 875 1580 Hamilcarem

71 1601 232 1677 quemdam,
245 1599 386 1657 honunem
397 1598 529 1662 nobliem,
537 1598 782 1663 factiosum,novis
791 1599 874 1656 rebus

71 1679 198 1747 studere;
225 1676 373 1732 adversum
388 1691 472 1746 quem
487 1690 578 1745 neque
593 1673 710 1746 imperia
729 1675 876 1750 magistra-

70 1766 152 1812 tuum
163 1770 254 1826 neque
265 1753 341 1825 leges
352 1751 489 1806 valerent:
504 1750 535 1805 ni
546 1748 576 1805 id
587 1748 742 1814 festinaret,
756 1750 786 1806 in
795 1768 875 1807 sum·

70 1850 116 1888 mo
132 1829 257 1904 periculo
272 1844 352 1883 suam
369 1826 501 1891 salutem,
528 1825 681 1882 stillarum
699 1827 788 1882 socios
805 1825 873 1884 lore.

69 1910 141 1964 Nam
153 1905 292 1979 Leptitani
307 1903 363 1960 iam
378 1902 444 1958 inde
459 1921 474 1958 a
487 1902 627 1975 principio
638 1900 706 1958 belli
715 1902 873 1976 Iugurthini

70 1985 104 2040 ad
125 1983 245 2040 Bestiam
270 1980 413 2036 consulem
435 1988 463 2034 et
484 1987 580 2051 postea
599 1979 712 2035 Romam
731 1979 872 2046 miserant,

70 2059 223 2117 amicitiam
233 2058 448 2128 societatemque
461 2064 598 2129 rogatum.
637 2053 755 2121 Deinde,
776 2055 827 2111 ubi
843 2073 875 2112 ea

69 2138 231 2210 impetrata,
253 2151 363 2206 semper
372 2132 438 2189 honi
450 2131 601 2204 lidelesque
612 2148 751 2196 mansere,
769 2140 796 2188 st
805 2149 875 2187 cun·

70 2223 114 2270 cta
134 2231 149 2268 a
168 2211 272 2276 Bestia,
297 2210 413 2274 Albino,
437 2208 603 2281 Metelloque
618 2209 752 2280 imperata
767 2209 874 2266 naviter

71 2290 204 2346 fecerant.
243 2289 339 2360 Itaque
353 2285 387 2342 ab
402 2285 567 2358 imperatore
586 2284 681 2350 facile,
707 2300 779 2356 quae
796 2295 874 2358 pete-

70 2365 152 2430 bant,
166 2363 269 2437 adepti.
310 2364 411 2418 Missae
422 2378 453 2416 eo
464 2361 589 2418 cohortes
599 2360 735 2434 Ligurum
745 2371 872 2434 quatuor,

71 2451 97 2498 et
108 2441 140 2500 C.
151 2439 260 2497 Annius
270 2437 437 2512 preelectus.

127 2516 275 2574 LXXVIII.
295 2515 326 2570 ld
338 2512 474 2587 oppidum
487 2512 521 2568 ab
533 2511 657 2568 Sidoniis
667 2513 810 2570 conditum
821 2523 871 2578 est,

70 2611 142 2667 quos
153 2592 326 2666 accepimus,
347 2589 480 2663 profugos
489 2588 526 2644 ob
536 2588 690 2646 discordias
700 2589 807 2654 civilis,
824 2607 874 2644 na-

70 2671 157 2726 vibus
167 2670 197 2723 in
207 2685 254 2723 ecs
265 2667 339 2723 locos
351 2666 475 2722 venisse:
492 2673 614 2720 ceterum
625 2667 710 2722 situm
722 2667 794 2721 iuter
803 2664 873 2720 duas

70 2746 181 2821 Syrtes,
193 2743 298 2817 quibus
310 2760 410 2799 nomen
421 2759 456 2797 ex
466 2758 496 2798 re
506 2741 635 2798 inditum.
663 2743 733 2800 Nem
743 2741 798 2796 duo
809 2747 871 2794 sur‘
