2058 3032
264 203 459 250 CATILINA.
486 203 564 250 cnl’.
584 205 692 252 aa-at.
854 200 882 252 l'l

67 321 123 376 que
133 303 266 360 nobilitas
277 304 386 362 invidia
401 304 555 370 aestuabat,
577 313 604 360 et
617 306 697 376 quasi
714 306 801 394 pollui
816 324 882 362 cou-

65 381 190 436 sulatum
201 379 364 445 credebant,
377 382 402 436 si
414 399 476 436 eum
484 380 632 452 ,quamvis
644 382 787 456 egregius,
800 381 882 438 houm

66 473 157 510 novus
178 455 296 528 adeptus
317 456 395 513 foret.
436 423 492 514 Sed
510 457 560 511 ubi
580 457 736 528 periculum
757 453 879 520 advenit,

66 531 177 586 invidia
189 542 271 604 atque
282 533 413 605 superbia
424 532 575 621 postluere.

123 608 224 663 XXIV.
245 609 333 682 Igitur
352 609 472 664 comitiis
491 607 609 673 habitis,
634 607 767 664 Consules
788 607 881 663 deela-

64 691 163 738 rantur
187 685 225 739 M.
247 685 355 739 Tullius
381 683 462 740 etC.
482 684 627 740 Antonius.
677 683 756 750 Quod
779 683 882 739 lactum

64 759 158 830 primo
174 758 321 830 populares
341 761 539 816 coniurationis
559 768 744 815 concusserat.
784 761 882 830 Neque

65 844 159 890 tamen
172 834 306 890 Catilinae
323 834 398 892 furor
412 835 602 898 inmusitatum
625 835 674 890 sed
690 837 718 890 in
730 834 790 890 dies
801 835 882 908 plura

65 911 185 983 agitnre3
211 927 285 966 arma
305 929 354 983 per
371 912 478 967 ltaliam
500 911 567 966 locis
586 912 748 983 opportunis
768 925 879 984 parare;

64 986 229 1057 pecliniam,
244 1003 294 1043 sua
305 995 352 1043 aut
367 989 517 1043 amicorum
529 986 583 1042 lide
595 998 733 1060 sumptam
746 996 879 1050 mutuam,

67 1061 200 1117 Faesulas
215 1063 250 1118 ad
264 1063 398 1119 Manlium
411 1063 559 1135 quemdam
574 1074 695 1134 portare,
718 1065 768 1135 qui
787 1073 882 1134 postea

65 1138 198 1210 princeps
209 1137 262 1194 luit
273 1139 340 1195 belli
352 1138 486 1194 faciundi.
517 1140 554 1194 Ea
565 1147 726 1210 tempestate
738 1140 882 1210 plurumos

66 1215 205 1286 cuiusque
216 1216 326 1288 generis
336 1215 463 1270 homines
474 1216 607 1270 ascivisse
619 1215 734 1277 dicitur:
748 1215 880 1270 mulieres

66 1292 150 1344 etiam
165 1289 284 1362 aliquot,
305 1308 376 1362 quaa
396 1293 486 1363 primo
501 1291 624 1364 ingentis
639 1301 767 1364 sumptus
786 1301 881 1362 stupro

65 1366 190 1440 corporis
209 1367 404 1422 toleraverant:
430 1375 506 1438 post,
528 1367 578 1422 ubi
598 1377 671 1422 aetas
692 1366 880 1423 tantummodo

64 1443 209 1514 quaestui,
231 1457 322 1515 neque
337 1441 464 1498 luxuriae
481 1441 595 1498 modum
610 1442 726 1506 lecerat,
750 1460 796 1498 aes
812 1443 882 1498 alie·

66 1535 134 1572 num
148 1517 253 1592 grande
268 1516 468 1586 conflaverant,
491 1536 541 1590 per
557 1536 603 1573 eas
613 1535 643 1574 sa
656 1518 773 1576 Catilina
785 1518 882 1574 crede·
925 1556 930 1564 -

66 1595 115 1650 bat
128 1611 210 1666 posse
224 1596 338 1651 servitia
356 1594 463 1650 urbana
482 1594 646 1659 sollicitare,
667 1595 764 1650 urbem
786 1597 881 1649 incon·
936 1625 938 1632 =

64 1669 147 1734 dere,
165 1671 239 1726 viros
250 1688 344 1727 earum
355 1671 400 1726 vel
412 1669 563 1744 adiungere
573 1668 644 1734 sibi,
660 1671 704 1726 vel
715 1669 879 1726 interficere.

121 1746 211 1804 XXV.
235 1745 290 1810 Sed
309 1747 338 1802 in
359 1746 404 1801 his
423 1754 481 1802 erat
499 1745 675 1818 Sempronia.
703 1762 775 1818 quae
795 1745 881 1802 multa

63 1839 151 1895 saepe
170 1822 261 1879 virilis
278 1823 411 1879 audaciae
432 1821 553 1878 facinora
575 1823 760 1878 commiserat.
809 1821 881 1878 ilaec

64 1899 169 1954 mulier
182 1915 283 1988 genere
298 1909 380 1972 atque
390 1897 496 1964 iorma,
517 1908 658 1971 praeterea
672 1899 733 1954 viro
748 1906 830 1970 atque
846 1897 882 1953 li·

64 1975 157 2038 baria,
178 1975 246 2030 satis
264 1974 399 2031 fortunata
414 1974 479 2031 luit:
502 1975 590 2031 literis
606 1975 718 2032 Graecis
733 1984 815 2046 atque
828 1974 881 2029 La·

65 2051 134 2105 tinis
146 2049 238 2106 docta:
259 2051 378 2122 psallere
392 2059 419 2106 et
432 2051 532 2106 saltare
546 2051 715 2126 elegantius,
737 2065 821 2122 quam
831 2067 881 2105 ne-

64 2127 321 2198 cesseestprobae;
339 2127 505 2192 multaalia,
520 2124 881 2199 quaeinstrunrentaluxu-

63 2203 123 2258 riae
138 2200 310 2258 suntsed
325 2204 352 2258 ei
365 2203 470 2259 cariora
484 2220 594 2275 semper
607 2202 713 2267 omnia,
735 2219 819 2274 quam
831 2201 881 2258 de-

64 2295 116 2334 cus
130 2286 214 2350 atque
231 2278 368 2350 pudicitia
387 2277 453 2335 fuit:
480 2279 616 2351 pecuniae
630 2291 666 2332 an
679 2277 767 2334 famae
786 2279 880 2333 minus

66 2362 201 2428 parceret,
214 2353 289 2410 haud
298 2354 381 2410 facile
391 2354 577 2410 discerneres:
594 2352 720 2409 lubidine
729 2355 771 2409 sic
781 2368 881 2408 aceen-

66 2447 106 2496 sa,
121 2438 153 2486 ut
163 2432 275 2503 saepius
286 2439 390 2504 peteret
401 2430 484 2496 viros,
499 2447 583 2503 quarn
593 2437 742 2501 peteretur.
783 2429 838 2486 Sed
848 2445 880 2484 ea

67 2523 150 2580 saepe
160 2505 276 2562 antehac
290 2506 374 2562 fidem
388 2506 561 2579 prodiderat,
582 2505 719 2562 creditum
732 2505 881 2560 abiurare-

67 2591 121 2647 rat,
139 2581 233 2637 caedis
244 2584 353 2640 conseia
364 2582 467 2645 fuerat,
483 2581 594 2638 luxuria
602 2591 684 2655 atqua
694 2582 789 2653 inopia
800 2597 881 2653 prae-

67 2676 133 2732 ceps
151 2657 267 2714 abierat.
316 2659 419 2714 Verum
438 2659 582 2732 ingenium
603 2659 664 2713 eius
688 2657 762 2714 haud
781 2655 880 2711 absur-

67 2734 149 2800 dum;
173 2749 254 2806 posse
270 2751 366 2790 versus
382 2733 486 2798 facere,
506 2734 598 2789 iocum
608 2751 732 2797 movere,
754 2748 879 2788 sermone

124 2809 271 2865 Susanna.
695 2809 716 2862 B
