2058 3032
281 213 476 262 GA'I'ILINA.
496 213 576 260 OAP.
587 214 689 258 31—32.
856 211 887 263 Ἠ

70 318 98 373 la
110 317 214 372 metiri.
254 313 297 370 Ad
306 315 359 370 hoc
369 313 513 378 mulieres,
531 313 636 384 quibus
647 315 686 368 rei
698 316 890 389 magnitudine

69 392 143 448 belli
153 393 235 447 timor
245 389 376 446 insolitus
386 391 545 455 incesserat,
558 387 696 444 adflictare
705 401 778 458 sese,
790 410 890 449 manus

70 469 218 545 supplices
229 467 264 523 ad
275 467 381 523 caelum
392 465 515 532 tendere,
526 466 654 521 miserari
665 481 765 538 parvos
775 467 887 535 liberos,

68 547 209 619 rogitare,
245 544 338 599 omnia
361 560 476 615 pavere;
511 541 643 614 superbia
670 551 753 614 atque
778 542 889 600 deliciis

68 620 200 686 omissis,
220 619 275 675 sibi
284 620 447 693 patriaeque
457 617 595 674 diffidere.
634 618 670 674 At
680 618 814 675 Catilinae
825 638 889 675 cru-

69 697 145 752 delis
162 696 271 751 animus
287 695 384 751 eadem
397 695 447 750 illa
462 694 604 760 movebat,
625 696 735 750 tametsi
749 696 888 768 praesidia

68 771 241 846 parabantur
256 772 359 845 etipse
373 771 435 846 lege
448 771 556 827 Plautia
573 771 758 846 interrogatus
777 781 834 828 erat
853 772 888 829 ab

69 851 104 904 L.
115 847 224 903 Paullo.
256 849 397 904 Postremo
410 846 608 904 dissimulandi
620 864 717 902 caussa
727 856 775 903 aut
784 849 829 903 sui
839 866 889 904 ex-

69 923 227 998 purgandi,
246 925 330 980 sicuti
345 925 438 998 iurgio
453 923 599 978 lacessitus
612 923 694 989 foret,
715 924 745 979 in
756 923 889 980 Senatum

68 1001 160 1057 venit.
200 1002 270 1055 Tum
288 1003 326 1058 M.
347 1001 456 1056 Tullius
476 998 593 1066 Consul,
622 1001 683 1056 sive
702 1003 889 1073 praesentiam

69 1078 132 1132 eius
149 1077 264 1142 timens,
290 1077 351 1132 sive
369 1077 410 1132 ira
429 1084 595 1141 commotus,
621 1077 771 1132 orationem
789 1077 889 1135 habuit

70 1151 242 1209 luculentam
262 1161 345 1225 atque
365 1153 464 1208 utilem
483 1151 669 1225 reipublicae,
691 1170 776 1226 quam
793 1164 888 1227 postea

68 1231 204 1302 scriptam
219 1229 318 1285 edidit.
359 1229 414 1284 Sed
430 1229 483 1284 ubi
496 1229 546 1286 ille
560 1228 682 1294 adsedit,
704 1229 836 1296 Catilina,
857 1239 889 1288 ut

68 1314 129 1362 erat
137 1315 251 1378 paratus
265 1304 300 1361 ad
314 1304 518 1362 dissimulanda
532 1305 639 1371 omnia,
662 1307 784 1362 demisso
794 1309 885 1372 vultu,

67 1399 139 1439 voce
152 1382 275 1456 supplici
288 1382 444 1456 postulare,
469 1383 588 1447 „Patres
603 1383 754 1456 conscripti
768 1401 803 1439 ne
817 1384 886 1456 quid

67 1460 147 1515 dese
161 1467 265 1514 temere
279 1457 437 1514 crederent:
460 1475 492 1513 ea
507 1457 614 1514 familia
626 1467 732 1524 ortum,
754 1459 792 1516 ita
806 1477 837 1514 se
852 1460 886 1515 ab

69 1535 260 1591 adulescentia
271 1537 358 1591 vitam
367 1535 538 1599 instituisse,
559 1543 590 1589 ut
603 1535 696 1590 omnia
711 1535 783 1591 bona
796 1536 825 1591 iu
836 1553 887 1608 spe

67 1612 199 1668 haberet:
217 1629 251 1666 ne
262 1612 475 1675 existumarent,
492 1610 562 1674 sibi,
574 1611 692 1682 patricio
702 1610 824 1676 homini,
837 1627 887 1666 cu-

66 1692 115 1744 ius
124 1689 217 1760 ipsius
223 1696 304 1760 atque
311 1689 447 1743 maiorum
458 1685 579 1758 plurima
589 1684 725 1740 beneficia
733 1687 763 1741 in
773 1687 886 1759 plebem

66 1768 220 1821 Romanam
231 1772 336 1829 essent,
352 1763 461 1836 perdita
472 1761 616 1835 republica
624 1779 695 1835 opus
706 1779 781 1828 esse,
798 1780 886 1835 quum

66 1859 131 1897 eam
146 1850 269 1897 servaret
281 1835 320 1897 bl.
335 1841 457 1904 Tullius,
479 1838 636 1910 inquilinus
654 1839 725 1894 civis
739 1838 818 1894 urbis
831 1840 886 1896 Ro-

66 1924 169 1973 mae.“
210 1916 253 1973 Ad
267 1917 335 1972 haec
348 1914 495 1972 maledicta
510 1915 662 1987 aliaquum
682 1913 810 1982 adderet,
835 1917 886 1972 ob-

66 2004 193 2067 strepere
211 2010 322 2058 omnes,
351 1993 458 2047 hostem
482 1999 564 2063 atque
586 1990 754 2064 parricidam
774 2009 884 2048 vocare.

67 2073 141 2128 Tum
149 2070 199 2125 ille
208 2067 392 2125 furibundus:
416 2066 698 2142 „quoniamquidem
710 2067 885 2125 circumven-

65 2159 126 2212 tus,
152 2146 259 2218 inquit,
285 2145 320 2200 ab
334 2144 458 2199 inimicis
471 2159 605 2217 praeceps
620 2161 700 2218 agor,
721 2145 884 2201 incendium

66 2241 164 2279 meum
173 2223 255 2277 ruina
266 2221 448 2294 restinguam.
458 2226 476 2251 “

124 2299 242 2355 XXXII.
263 2297 331 2352 Dein
346 2314 376 2351 se
392 2313 427 2352 ex
442 2297 517 2352 curia
529 2296 642 2351 domum
652 2297 801 2369 proripuit.
840 2298 883 2353 lbi

68 2376 155 2431 multa
166 2391 262 2430 secum
271 2374 333 2446 ipse
344 2372 473 2437 volvens,
493 2371 568 2444 quod
583 2389 673 2445 neque
687 2372 807 2429 insidiae
817 2392 883 2430 con·

68 2453 122 2508 suli
133 2449 335 2525 procedebant,
357 2459 384 2504 et
397 2449 431 2504 ab
446 2448 576 2504 incendio
592 2448 772 2522 intellegebat
784 2451 882 2505 urbem

69 2528 177 2602 vigiliis
186 2527 336 2591 munitam,
348 2533 492 2598 optumum
504 2524 578 2580 factu
589 2524 718 2589 credenS,
729 2526 883 2580 exercitum

68 2623 185 2680 augere,
202 2620 247 2669 ac,
262 2603 342 2674 prius
356 2619 440 2675 quarn
453 2602 577 2675 legiones
587 2601 788 2666 scriberentur,
805 2609 883 2656 ante·

69 2698 182 2755 capere,
197 2695 269 2752 quae
279 2678 353 2734 bello
363 2678 428 2733 usui
438 2677 540 2745 forent3
553 2686 632 2733 nocta
642 2679 807 2750 intempesta
818 2693 881 2731 cum

69 2759 167 2830 paucis
181 2757 211 2810 ia
222 2755 360 2810 Manliana
375 2763 462 2811 castra
474 2752 615 2822 proiectus
626 2763 677 2810 est.
718 2751 773 2808 Sed
783 2751 882 2808 Cethe-
