2058 3032
223 201 510 248 IUGURTHINUM.
531 201 610 248 CAP.
628 203 664 246 31.
684 203 718 248 32.
843 197 877 250 ’Π

63 311 90 360 et
101 303 185 360 vobis
194 312 304 358 aeterna
314 302 474 359 sollicitudo
482 301 650 372 remanebit,
667 320 754 375 quum
765 304 875 360 intelle-

63 379 152 452 getis,
175 388 223 434 aut
237 377 420 435 serviundum
434 395 509 444 esse,
532 385 578 434 aut
592 394 641 450 per
651 396 752 434 manus
762 380 876 437 liberta-

62 465 121 508 tem
136 453 320 510 retinendam.
356 454 430 509 Nam
444 452 510 509 fidei
524 453 640 525 quidem
654 464 702 511 aut
712 456 875 513 concordiae

62 547 136 602 quae
147 546 212 601 spes
222 528 282 584 est‘l
300 530 440 584 Dominari
456 529 498 584 illi
511 529 621 594 volunt,
644 547 694 586 vos
705 530 786 586 liberi
797 549 872 588 esse:

62 606 157 661 iacere
171 605 215 660 illi
230 605 362 669 iniurias,
387 621 434 660 vos
447 603 623 676 prohiberez,
631 615 770 676 postremo
789 609 874 662 sociis

63 683 167 738 vostris
182 680 269 737 veluti
284 679 425 744 hostibus,
447 679 575 736 hostibus
589 697 640 753 pro
653 682 736 736 sociis
747 691 872 738 utuntur.

62 759 191 813 Potestne
206 757 236 810 in
251 765 307 812 tam
321 753 441 811 diversis
456 755 598 812 mentibus
611 773 669 829 pax
686 765 734 812 aut
751 758 873 814 amicitia

62 831 145 888 esse?
164 830 254 898 Quare
268 848 365 888 moneo
376 830 523 904 hortorque
533 847 598 898 vos,
618 849 653 888 ne
663 841 770 889 tantum
781 833 873 889 scelus

61 908 235 981 impunitum
249 907 391 964 omittatis.
431 908 491 962 Non
506 907 651 979 peculatus
667 911 765 964 aerarii
784 908 873 965 factus

60 994 117 1050 est,
143 999 234 1055 oeque
252 1001 303 1056 per
322 983 381 1039 uim
400 983 485 1039 sociis
498 993 608 1056 ereptae
625 986 773 1056 pecuniam
801 1003 872 1057 quae

60 1076 232 1132 quamquam
242 1059 428 1132 greviarum,
443 1068 534 1114 tamen
545 1059 746 1117 consuetudine
756 1062 812 1117 iam
822 1078 873 1133 pro

60 1135 152 1192 nihilo
177 1135 325 1194 habentur.
373 1135 451 1190 Hosti
477 1151 619 1191 acerrumo
641 1136 753 1209 prodita
777 1135 871 1194 Senati

60 1212 226 1276 auctoritas,
251 1211 392 1284 proditum
408 1212 557 1282 imperium
572 1220 696 1268 vostrum
711 1221 766 1270 est:
796 1213 871 1270 domi

60 1287 237 1359 militiaeque
248 1286 407 1360 respublica
417 1286 525 1343 venalis
536 1285 599 1342 fuit.
634 1287 710 1356 Quae
719 1290 776 1345 nisi
785 1306 872 1362 quae·

59 1365 114 1418 sita
126 1371 220 1427 erunt,
243 1363 272 1418 ni
287 1361 460 1419 vindicatum
474 1363 504 1418 in
518 1364 629 1420 noxios:
652 1364 722 1437 quid
737 1366 790 1422 erit
805 1365 872 1420 relia

58 1456 164 1512 quum,
186 1439 243 1493 nisi
256 1439 367 1504 utillis,
390 1439 440 1510 qui
451 1455 483 1494 ea
494 1437 598 1504 iecere,
618 1439 781 1497 obedientes
791 1442 872 1498 viva·

58 1513 870 1590 mus‘lNamimpunequaelibetiacere,idestregemcsse.

58 1593 158 1664 Neque
168 1606 221 1663 ego
231 1607 295 1655 vos,
311 1587 447 1656 Quirites,
463 1589 570 1654 hortor,
583 1597 614 1645 ut
624 1590 729 1647 malitie
739 1591 811 1648 civis
821 1609 871 1647 ve-

57 1676 132 1723 stros
146 1682 306 1738 perperam,
327 1682 411 1737 quam
429 1673 504 1720 recte
518 1663 632 1734 iecisse;
655 1665 705 1720 sed
720 1683 769 1730 ne,
790 1669 871 1740 igno-

57 1741 164 1798 scendo
176 1741 272 1806 malie,
295 1740 381 1796 bonos
394 1737 536 1812 perditum
551 1741 631 1795 eatis.
669 1739 713 1796 Ad
723 1741 814 1796 hocin
825 1759 871 1796 re-

55 1817 175 1890 publica
190 1815 277 1872 multo
293 1823 428 1888 praestat,
453 1813 598 1879 beneficii,
622 1832 707 1888 quam
726 1815 867 1883 maleficii,

56 1896 252 1948 immemorem
268 1908 340 1947 esse.
378 1893 470 1948 bonus
489 1891 679 1948 tantummodo
697 1892 810 1966 segnior
828 1891 868 1959 iit,

57 1969 110 2024 ubi
120 1967 266 2042 neglegam
283 1975 310 2022 at
320 1967 410 2022 malus
420 1968 584 2040 improbior.
623 1966 742 2033 Adbuc,
757 1969 782 2024 si
793 1968 871 2024 iniu-

57 2046 117 2100 riae
129 2060 185 2098 non
194 2045 265 2107 sint,
280 2041 356 2098 haud
367 2060 451 2116 saepe
461 2043 562 2101 auxilii
572 2059 665 2117 egeas.

114 2119 233 2174 xxxu.
253 2119 326 2175 llaec
339 2127 423 2192 atque
437 2119 491 2175 alia
507 2117 701 2176 huiuscemodi
721 2135 805 2192 saepe
825 2119 871 2175 di-

57 2193 162 2259 cendo,
184 2195 332 2250 Memmius
344 2195 449 2268 populo
462 2194 624 2269 persuadet,
646 2196 688 2251 uti
701 2195 733 2250 L.
744 2194 867 2260 Caesius,

56 2271 109 2342 qui
119 2279 179 2325 tum
189 2270 300 2326 Praetor
308 2279 380 2336 erat,
394 2270 429 2326 ad
438 2270 601 2344 iugurtham
610 2272 777 2336 mitteretur,
790 2289 870 2327 eum-

57 2363 128 2418 que,
150 2345 312 2418 interposita
323 2345 377 2401 fide
387 2345 516 2417 publica,
537 2347 651 2402 Romam
661 2344 788 2416 duceret;
813 2363 870 2418 quo

58 2421 171 2478 facilius
182 2421 286 2478 indicio
297 2422 382 2496 regis,
396 2420 493 2476 Scauri
504 2429 531 2478 et
540 2421 726 2494 reliquorum,
737 2439 808 2495 qnos
819 2438 870 2495 pe·
887 2435 888 2438 ’

58 2498 159 2552 cuniae
169 2506 265 2570 captae
275 2496 465 2561 arcessebant,
478 2497 579 2553 delicta
587 2496 759 2569 patefierent.
798 2499 869 2554 Dum

57 2573 129 2628 haee
138 2574 240 2629 Romae
249 2581 397 2646 geruntur,
410 2572 460 2644 qui
470 2572 499 2628 in
509 2572 642 2629 Numidia
652 2573 743 2629 relicti
752 2591 768 2628 a
777 2572 868 2628 bestia

58 2649 195 2704 exercitui
210 2656 369 2720 praeerant,
394 2650 482 2704 secuti
501 2666 605 2704 morem
619 2649 792 2722 imperatoris
811 2647 867 2710 eui,

57 2725 180 2797 plurima
199 2734 225 2780 et
244 2723 469 2799 flagitiosissuma
487 2723 606 2782 facinora
631 2723 729 2780 iecere.
769 2724 851 2778 Fuerr
