<?xml version="1.0" encoding="UTF-8"?>
<!DOCTYPE html PUBLIC "-//W3C//DTD XHTML 1.0 Transitional//EN"
    "http://www.w3.org/TR/xhtml1/DTD/xhtml1-transitional.dtd">
<html xmlns="http://www.w3.org/1999/xhtml" xml:lang="en" lang="en">
 <head>
  <title>
</title>
<meta http-equiv="Content-Type" content="text/html;charset=utf-8" />
  <meta name='ocr-system' content='tesseract 3.04.00' />
  <meta name='ocr-capabilities' content='ocr_page ocr_carea ocr_par ocr_line ocrx_word'/>
</head>
<body>
  <div class='ocr_page' id='page_1' title='image "./ccrispisallusti00nobbgoog_0178.png"; bbox 0 0 2070 3036; ppageno 0'>
   <div class='ocr_carea' id='block_1_1' title="bbox 84 159 894 336">
    <p class='ocr_par' dir='ltr' id='par_1_1' title="bbox 84 159 894 336">
     <span class='ocr_line' id='line_1_1' title="bbox 217 159 894 213; baseline 0.01 -7"><span class='ocrx_word' id='word_1_1' title='bbox 217 159 495 207; x_wconf 79' lang='lat' dir='ltr'><strong>HISTORIARUM</strong></span> <span class='ocrx_word' id='word_1_2' title='bbox 514 162 766 211; x_wconf 78' lang='lat' dir='ltr'><strong>FRAGMENTA.</strong></span> <span class='ocrx_word' id='word_1_3' title='bbox 849 161 894 213; x_wconf 73' lang='lat' dir='ltr'><strong>tbtl</strong></span> 
     </span>
     <span class='ocr_line' id='line_1_2' title="bbox 84 262 894 336; baseline 0.004 -17"><span class='ocrx_word' id='word_1_4' title='bbox 84 266 149 320; x_wconf 84' lang='lat' dir='ltr'><strong>ciue</strong></span> <span class='ocrx_word' id='word_1_5' title='bbox 159 263 249 320; x_wconf 89' lang='lat' dir='ltr'><strong>demsi</strong></span> <span class='ocrx_word' id='word_1_6' title='bbox 259 280 344 336; x_wconf 75' lang='lat' dir='ltr'><strong>grave</strong></span> <span class='ocrx_word' id='word_1_7' title='bbox 354 262 511 320; x_wconf 86' lang='lat' dir='ltr'><strong>servitium.</strong></span> <span class='ocrx_word' id='word_1_8' title='bbox 532 263 641 335; x_wconf 85' lang='lat' dir='ltr'><strong>incepta</strong></span> <span class='ocrx_word' id='word_1_9' title='bbox 654 277 723 329; x_wconf 88' lang='lat' dir='ltr'><strong>maa,</strong></span> <span class='ocrx_word' id='word_1_10' title='bbox 738 273 894 336; x_wconf 85' lang='lat' dir='ltr'><strong>postremus</strong></span> 
     </span>
    </p>
   </div>
   <div class='ocr_carea' id='block_1_2' title="bbox 6 338 891 413">
    <p class='ocr_par' dir='ltr' id='par_1_2' title="bbox 6 338 891 413">
     <span class='ocr_line' id='line_1_3' title="bbox 6 338 891 413; baseline 0.005 -19"><span class='ocrx_word' id='word_1_11' title='bbox 6 381 8 384; x_wconf 46' lang='lat'>&gt;</span> <span class='ocrx_word' id='word_1_12' title='bbox 85 357 247 405; x_wconf 80' lang='lat' dir='ltr'><strong>servorum,</strong></span> <span class='ocrx_word' id='word_1_13' title='bbox 268 338 435 405; x_wconf 78' lang='lat' dir='ltr'><strong>Archelaus,</strong></span> <span class='ocrx_word' id='word_1_14' title='bbox 455 339 577 394; x_wconf 87' lang='lat' dir='ltr'><strong>exercitu</strong></span> <span class='ocrx_word' id='word_1_15' title='bbox 588 339 710 410; x_wconf 89' lang='lat' dir='ltr'><strong>prodito,</strong></span> <span class='ocrx_word' id='word_1_16' title='bbox 730 341 891 413; x_wconf 82' lang='lat' dir='ltr'><strong>impedivit:</strong></span> 
     </span>
    </p>
   </div>
   <div class='ocr_carea' id='block_1_3' title="bbox 83 414 895 1016">
    <p class='ocr_par' dir='ltr' id='par_1_3' title="bbox 83 414 895 1016">
     <span class='ocr_line' id='line_1_4' title="bbox 85 414 892 488; baseline 0.001 -17"><span class='ocrx_word' id='word_1_17' title='bbox 85 416 203 486; x_wconf 86' lang='lat' dir='ltr'><strong>illique,</strong></span> <span class='ocrx_word' id='word_1_18' title='bbox 224 432 295 488; x_wconf 91' lang='lat' dir='ltr'><strong>quos</strong></span> <span class='ocrx_word' id='word_1_19' title='bbox 310 415 424 488; x_wconf 81' lang='lat' dir='ltr'><strong>ignavia</strong></span> <span class='ocrx_word' id='word_1_20' title='bbox 438 423 485 470; x_wconf 83' lang='lat' dir='ltr'><strong>aut</strong></span> <span class='ocrx_word' id='word_1_21' title='bbox 499 432 585 486; x_wconf 88' lang='lat' dir='ltr'><strong>prava</strong></span> <span class='ocrx_word' id='word_1_22' title='bbox 599 414 751 480; x_wconf 79' lang='lat' dir='ltr'><strong>calliditas,</strong></span> <span class='ocrx_word' id='word_1_23' title='bbox 772 419 814 471; x_wconf 87' lang='lat' dir='ltr'><strong>uti</strong></span> <span class='ocrx_word' id='word_1_24' title='bbox 824 419 892 472; x_wconf 88' lang='lat' dir='ltr'><strong>meis</strong></span> 
     </span>
     <span class='ocr_line' id='line_1_5' title="bbox 86 489 892 557; baseline 0.001 -11"><span class='ocrx_word' id='word_1_25' title='bbox 86 491 233 547; x_wconf 78' lang='lat' dir='ltr'><strong>laboribus</strong></span> <span class='ocrx_word' id='word_1_26' title='bbox 243 491 296 546; x_wconf 84' lang='lat' dir='ltr'><strong>tuti</strong></span> <span class='ocrx_word' id='word_1_27' title='bbox 307 498 412 555; x_wconf 86' lang='lat' dir='ltr'><strong>essent,</strong></span> <span class='ocrx_word' id='word_1_28' title='bbox 429 491 513 545; x_wconf 91' lang='lat' dir='ltr'><strong>armis</strong></span> <span class='ocrx_word' id='word_1_29' title='bbox 527 489 675 557; x_wconf 73' lang='lat' dir='ltr'><strong>abstinuit,</strong></span> <span class='ocrx_word' id='word_1_30' title='bbox 691 490 892 547; x_wconf 80' lang='lat' dir='ltr'><strong>acerbissumas</strong></span> 
     </span>
     <span class='ocr_line' id='line_1_6' title="bbox 83 565 892 640; baseline 0.002 -18"><span class='ocrx_word' id='word_1_31' title='bbox 83 584 191 640; x_wconf 89' lang='lat' dir='ltr'><strong>poenas</strong></span> <span class='ocrx_word' id='word_1_32' title='bbox 202 565 328 622; x_wconf 88' lang='lat' dir='ltr'><strong>solvunt:</strong></span> <span class='ocrx_word' id='word_1_33' title='bbox 341 565 524 631; x_wconf 83' lang='lat' dir='ltr'><strong>Ptolemaeus,</strong></span> <span class='ocrx_word' id='word_1_34' title='bbox 537 566 625 638; x_wconf 87' lang='lat' dir='ltr'><strong>pretio</strong></span> <span class='ocrx_word' id='word_1_35' title='bbox 636 565 710 620; x_wconf 91' lang='lat' dir='ltr'><strong>diem</strong></span> <span class='ocrx_word' id='word_1_36' title='bbox 723 565 790 621; x_wconf 91' lang='lat' dir='ltr'><strong>belli</strong></span> <span class='ocrx_word' id='word_1_37' title='bbox 801 569 892 639; x_wconf 87' lang='lat' dir='ltr'><strong>prola-</strong></span> 
     </span>
     <span class='ocr_line' id='line_1_7' title="bbox 84 639 890 715; baseline -0.001 -16"><span class='ocrx_word' id='word_1_38' title='bbox 84 652 163 709; x_wconf 76' lang='lat' dir='ltr'><strong>tons3</strong></span> <span class='ocrx_word' id='word_1_39' title='bbox 177 642 335 705; x_wconf 81' lang='lat' dir='ltr'><strong>Cretenses,</strong></span> <span class='ocrx_word' id='word_1_40' title='bbox 349 641 505 715; x_wconf 79' lang='lat' dir='ltr'><strong>impugnati</strong></span> <span class='ocrx_word' id='word_1_41' title='bbox 516 639 602 696; x_wconf 88' lang='lat' dir='ltr'><strong>semel</strong></span> <span class='ocrx_word' id='word_1_42' title='bbox 614 641 682 706; x_wconf 90' lang='lat' dir='ltr'><strong>iam,</strong></span> <span class='ocrx_word' id='word_1_43' title='bbox 696 658 786 713; x_wconf 90' lang='lat' dir='ltr'><strong>neque</strong></span> <span class='ocrx_word' id='word_1_44' title='bbox 797 642 890 708; x_wconf 87' lang='lat' dir='ltr'><strong>finem,</strong></span> 
     </span>
     <span class='ocr_line' id='line_1_8' title="bbox 85 715 895 788; baseline 0 -14"><span class='ocrx_word' id='word_1_45' title='bbox 85 719 144 774; x_wconf 89' lang='lat' dir='ltr'><strong>nisi</strong></span> <span class='ocrx_word' id='word_1_46' title='bbox 155 717 278 780; x_wconf 88' lang='lat' dir='ltr'><strong>excidio,</strong></span> <span class='ocrx_word' id='word_1_47' title='bbox 301 715 435 772; x_wconf 89' lang='lat' dir='ltr'><strong>habituri.</strong></span> <span class='ocrx_word' id='word_1_48' title='bbox 474 717 628 788; x_wconf 87' lang='lat' dir='ltr'><strong>Equidem,</strong></span> <span class='ocrx_word' id='word_1_49' title='bbox 648 734 735 788; x_wconf 91' lang='lat' dir='ltr'><strong>quum</strong></span> <span class='ocrx_word' id='word_1_50' title='bbox 750 718 835 783; x_wconf 89' lang='lat' dir='ltr'><strong>mihi,</strong></span> <span class='ocrx_word' id='word_1_51' title='bbox 857 719 895 774; x_wconf 90' lang='lat' dir='ltr'><strong>ob</strong></span> 
     </span>
     <span class='ocr_line' id='line_1_9' title="bbox 83 791 892 867; baseline -0.001 -18"><span class='ocrx_word' id='word_1_52' title='bbox 83 797 211 867; x_wconf 90' lang='lat' dir='ltr'><strong>ipsorum</strong></span> <span class='ocrx_word' id='word_1_53' title='bbox 228 794 335 847; x_wconf 87' lang='lat' dir='ltr'><strong>interna</strong></span> <span class='ocrx_word' id='word_1_54' title='bbox 351 791 436 856; x_wconf 89' lang='lat' dir='ltr'><strong>mala,</strong></span> <span class='ocrx_word' id='word_1_55' title='bbox 459 791 544 848; x_wconf 88' lang='lat' dir='ltr'><strong>dilata</strong></span> <span class='ocrx_word' id='word_1_56' title='bbox 559 792 663 864; x_wconf 88' lang='lat' dir='ltr'><strong>praelia</strong></span> <span class='ocrx_word' id='word_1_57' title='bbox 683 793 786 866; x_wconf 82' lang='lat' dir='ltr'><strong>magis,</strong></span> <span class='ocrx_word' id='word_1_58' title='bbox 808 811 892 865; x_wconf 90' lang='lat' dir='ltr'><strong>quam</strong></span> 
     </span>
     <span class='ocr_line' id='line_1_10' title="bbox 83 867 891 943; baseline -0.001 -18"><span class='ocrx_word' id='word_1_59' title='bbox 83 885 183 943; x_wconf 89' lang='lat' dir='ltr'><strong>pacem</strong></span> <span class='ocrx_word' id='word_1_60' title='bbox 200 868 291 924; x_wconf 89' lang='lat' dir='ltr'><strong>datam</strong></span> <span class='ocrx_word' id='word_1_61' title='bbox 307 867 509 941; x_wconf 75' lang='lat' dir='ltr'><strong>intellegerem3</strong></span> <span class='ocrx_word' id='word_1_62' title='bbox 526 867 671 923; x_wconf 60' lang='lat' dir='ltr'><strong>vabnuente</strong></span> <span class='ocrx_word' id='word_1_63' title='bbox 687 870 819 941; x_wconf 79' lang='lat' dir='ltr'><strong>Tigrane,</strong></span> <span class='ocrx_word' id='word_1_64' title='bbox 843 870 891 940; x_wconf 90' lang='lat' dir='ltr'><strong>qui</strong></span> 
     </span>
     <span class='ocr_line' id='line_1_11' title="bbox 84 943 894 1016; baseline -0.001 -17"><span class='ocrx_word' id='word_1_65' title='bbox 84 961 148 1000; x_wconf 83' lang='lat' dir='ltr'><strong>mea</strong></span> <span class='ocrx_word' id='word_1_66' title='bbox 163 943 237 999; x_wconf 86' lang='lat' dir='ltr'><strong>dicta</strong></span> <span class='ocrx_word' id='word_1_67' title='bbox 252 960 313 998; x_wconf 90' lang='lat' dir='ltr'><strong>sero</strong></span> <span class='ocrx_word' id='word_1_68' title='bbox 327 943 438 1015; x_wconf 85' lang='lat' dir='ltr'><strong>probat,</strong></span> <span class='ocrx_word' id='word_1_69' title='bbox 461 950 487 997; x_wconf 87' lang='lat' dir='ltr'><strong>te</strong></span> <span class='ocrx_word' id='word_1_70' title='bbox 505 952 609 998; x_wconf 86' lang='lat' dir='ltr'><strong>remoto</strong></span> <span class='ocrx_word' id='word_1_71' title='bbox 628 944 740 1016; x_wconf 89' lang='lat' dir='ltr'><strong>procul,</strong></span> <span class='ocrx_word' id='word_1_72' title='bbox 761 945 894 1000; x_wconf 87' lang='lat' dir='ltr'><strong>omnibus</strong></span> 
     </span>
    </p>
   </div>
   <div class='ocr_carea' id='block_1_4' title="bbox 24 1018 891 1091">
    <p class='ocr_par' dir='ltr' id='par_1_4' title="bbox 24 1018 891 1091">
     <span class='ocr_line' id='line_1_12' title="bbox 24 1018 891 1091; baseline -0.002 -13"><span class='ocrx_word' id='word_1_73' title='bbox 24 1049 27 1055; x_wconf 92' lang='lat'>·</span> <span class='ocrx_word' id='word_1_74' title='bbox 82 1022 151 1078; x_wconf 84' lang='lat' dir='ltr'><strong>aliis</strong></span> <span class='ocrx_word' id='word_1_75' title='bbox 160 1019 304 1084; x_wconf 85' lang='lat' dir='ltr'><strong>obnoxiis,</strong></span> <span class='ocrx_word' id='word_1_76' title='bbox 323 1036 419 1074; x_wconf 89' lang='lat' dir='ltr'><strong>rursus</strong></span> <span class='ocrx_word' id='word_1_77' title='bbox 429 1027 520 1074; x_wconf 85' lang='lat' dir='ltr'><strong>tamen</strong></span> <span class='ocrx_word' id='word_1_78' title='bbox 532 1018 637 1074; x_wconf 89' lang='lat' dir='ltr'><strong>bellum</strong></span> <span class='ocrx_word' id='word_1_79' title='bbox 649 1020 721 1091; x_wconf 89' lang='lat' dir='ltr'><strong>cepi.</strong></span> <span class='ocrx_word' id='word_1_80' title='bbox 754 1021 891 1076; x_wconf 88' lang='lat' dir='ltr'><strong>Marcum·</strong></span> 
     </span>
    </p>
   </div>
   <div class='ocr_carea' id='block_1_5' title="bbox 82 1093 892 1620">
    <p class='ocr_par' dir='ltr' id='par_1_5' title="bbox 82 1093 892 1620">
     <span class='ocr_line' id='line_1_13' title="bbox 82 1093 892 1170; baseline -0.002 -18"><span class='ocrx_word' id='word_1_81' title='bbox 82 1113 142 1170; x_wconf 88' lang='lat' dir='ltr'><strong>que</strong></span> <span class='ocrx_word' id='word_1_82' title='bbox 152 1095 267 1159; x_wconf 80' lang='lat' dir='ltr'><strong>Cottam,</strong></span> <span class='ocrx_word' id='word_1_83' title='bbox 281 1095 434 1150; x_wconf 86' lang='lat' dir='ltr'><strong>llomanum</strong></span> <span class='ocrx_word' id='word_1_84' title='bbox 445 1093 556 1160; x_wconf 90' lang='lat' dir='ltr'><strong>ducem,</strong></span> <span class='ocrx_word' id='word_1_85' title='bbox 568 1094 642 1168; x_wconf 89' lang='lat' dir='ltr'><strong>opud</strong></span> <span class='ocrx_word' id='word_1_86' title='bbox 653 1095 826 1151; x_wconf 85' lang='lat' dir='ltr'><strong>Chalcedona</strong></span> <span class='ocrx_word' id='word_1_87' title='bbox 837 1105 892 1151; x_wconf 89' lang='lat' dir='ltr'><strong>ter-</strong></span> 
     </span>
     <span class='ocr_line' id='line_1_14' title="bbox 83 1169 892 1245; baseline -0.002 -17"><span class='ocrx_word' id='word_1_88' title='bbox 83 1191 115 1228; x_wconf 84' lang='lat' dir='ltr'><strong>ra</strong></span> <span class='ocrx_word' id='word_1_89' title='bbox 128 1170 202 1237; x_wconf 88' lang='lat' dir='ltr'><strong>ludi,</strong></span> <span class='ocrx_word' id='word_1_90' title='bbox 218 1171 289 1226; x_wconf 86' lang='lat' dir='ltr'><strong>mari</strong></span> <span class='ocrx_word' id='word_1_91' title='bbox 299 1171 364 1225; x_wconf 84' lang='lat' dir='ltr'><strong>exui</strong></span> <span class='ocrx_word' id='word_1_92' title='bbox 376 1170 464 1225; x_wconf 88' lang='lat' dir='ltr'><strong>classe</strong></span> <span class='ocrx_word' id='word_1_93' title='bbox 475 1169 682 1243; x_wconf 89' lang='lat' dir='ltr'><strong>pulcherruma.</strong></span> <span class='ocrx_word' id='word_1_94' title='bbox 717 1170 799 1244; x_wconf 80' lang='lat' dir='ltr'><strong>Apud</strong></span> <span class='ocrx_word' id='word_1_95' title='bbox 810 1172 892 1245; x_wconf 84' lang='lat' dir='ltr'><strong>Cyzi·</strong></span> 
     </span>
     <span class='ocr_line' id='line_1_15' title="bbox 82 1246 892 1321; baseline -0.002 -17"><span class='ocrx_word' id='word_1_96' title='bbox 82 1265 150 1304; x_wconf 93' lang='lat' dir='ltr'><strong>cum</strong></span> <span class='ocrx_word' id='word_1_97' title='bbox 164 1264 264 1321; x_wconf 82' lang='lat' dir='ltr'><strong>magno</strong></span> <span class='ocrx_word' id='word_1_98' title='bbox 278 1263 341 1301; x_wconf 89' lang='lat' dir='ltr'><strong>cum</strong></span> <span class='ocrx_word' id='word_1_99' title='bbox 355 1247 479 1302; x_wconf 84' lang='lat' dir='ltr'><strong>exercitu</strong></span> <span class='ocrx_word' id='word_1_100' title='bbox 495 1246 524 1302; x_wconf 89' lang='lat' dir='ltr'><strong>ia</strong></span> <span class='ocrx_word' id='word_1_101' title='bbox 538 1246 684 1303; x_wconf 87' lang='lat' dir='ltr'><strong>obsidione</strong></span> <span class='ocrx_word' id='word_1_102' title='bbox 700 1249 816 1303; x_wconf 87' lang='lat' dir='ltr'><strong>moranti</strong></span> <span class='ocrx_word' id='word_1_103' title='bbox 834 1247 892 1302; x_wconf 86' lang='lat' dir='ltr'><strong>lru-</strong></span> 
     </span>
     <span class='ocr_line' id='line_1_16' title="bbox 84 1322 891 1387; baseline -0.004 -8"><span class='ocrx_word' id='word_1_104' title='bbox 84 1331 210 1379; x_wconf 88' lang='lat' dir='ltr'><strong>mentum</strong></span> <span class='ocrx_word' id='word_1_105' title='bbox 221 1322 320 1387; x_wconf 82' lang='lat' dir='ltr'><strong>deluit,</strong></span> <span class='ocrx_word' id='word_1_106' title='bbox 333 1322 411 1378; x_wconf 90' lang='lat' dir='ltr'><strong>nullo</strong></span> <span class='ocrx_word' id='word_1_107' title='bbox 421 1324 526 1378; x_wconf 90' lang='lat' dir='ltr'><strong>circum</strong></span> <span class='ocrx_word' id='word_1_108' title='bbox 538 1322 692 1378; x_wconf 85' lang='lat' dir='ltr'><strong>adnitente:</strong></span> <span class='ocrx_word' id='word_1_109' title='bbox 705 1323 789 1378; x_wconf 90' lang='lat' dir='ltr'><strong>simul</strong></span> <span class='ocrx_word' id='word_1_110' title='bbox 801 1323 891 1377; x_wconf 86' lang='lat' dir='ltr'><strong>hiems</strong></span> 
     </span>
     <span class='ocr_line' id='line_1_17' title="bbox 82 1396 891 1472; baseline -0.006 -16"><span class='ocrx_word' id='word_1_111' title='bbox 82 1399 156 1456; x_wconf 88' lang='lat' dir='ltr'><strong>mari</strong></span> <span class='ocrx_word' id='word_1_112' title='bbox 172 1397 346 1472; x_wconf 83' lang='lat' dir='ltr'><strong>prohibebat.</strong></span> <span class='ocrx_word' id='word_1_113' title='bbox 386 1400 425 1453; x_wconf 88' lang='lat' dir='ltr'><strong>lta</strong></span> <span class='ocrx_word' id='word_1_114' title='bbox 441 1399 502 1454; x_wconf 90' lang='lat' dir='ltr'><strong>sine</strong></span> <span class='ocrx_word' id='word_1_115' title='bbox 517 1399 546 1454; x_wconf 90' lang='lat' dir='ltr'><strong>vi</strong></span> <span class='ocrx_word' id='word_1_116' title='bbox 562 1399 683 1453; x_wconf 90' lang='lat' dir='ltr'><strong>hostium</strong></span> <span class='ocrx_word' id='word_1_117' title='bbox 703 1396 813 1470; x_wconf 80' lang='lat' dir='ltr'><strong>regredi</strong></span> <span class='ocrx_word' id='word_1_118' title='bbox 829 1414 891 1452; x_wconf 88' lang='lat' dir='ltr'><strong>cca-</strong></span> 
     </span>
     <span class='ocr_line' id='line_1_18' title="bbox 82 1471 891 1548; baseline -0.005 -16"><span class='ocrx_word' id='word_1_119' title='bbox 82 1484 148 1532; x_wconf 83' lang='lat' dir='ltr'><strong>ctus</strong></span> <span class='ocrx_word' id='word_1_120' title='bbox 158 1475 187 1529; x_wconf 88' lang='lat' dir='ltr'><strong>in</strong></span> <span class='ocrx_word' id='word_1_121' title='bbox 198 1476 319 1548; x_wconf 82' lang='lat' dir='ltr'><strong>patrium</strong></span> <span class='ocrx_word' id='word_1_122' title='bbox 331 1491 462 1546; x_wconf 82' lang='lat' dir='ltr'><strong>regnum,</strong></span> <span class='ocrx_word' id='word_1_123' title='bbox 485 1473 639 1545; x_wconf 80' lang='lat' dir='ltr'><strong>naufragiis</strong></span> <span class='ocrx_word' id='word_1_124' title='bbox 656 1471 729 1542; x_wconf 89' lang='lat' dir='ltr'><strong>apud</strong></span> <span class='ocrx_word' id='word_1_125' title='bbox 740 1472 852 1526; x_wconf 85' lang='lat' dir='ltr'><strong>Parium</strong></span> <span class='ocrx_word' id='word_1_126' title='bbox 866 1481 891 1528; x_wconf 84' lang='lat' dir='ltr'><strong>el</strong></span> 
     </span>
     <span class='ocr_line' id='line_1_19' title="bbox 82 1546 890 1620; baseline -0.006 -13"><span class='ocrx_word' id='word_1_127' title='bbox 82 1550 244 1608; x_wconf 86' lang='lat' dir='ltr'><strong>Heracleam</strong></span> <span class='ocrx_word' id='word_1_128' title='bbox 264 1549 387 1604; x_wconf 83' lang='lat' dir='ltr'><strong>militum</strong></span> <span class='ocrx_word' id='word_1_129' title='bbox 407 1557 535 1620; x_wconf 88' lang='lat' dir='ltr'><strong>optumos</strong></span> <span class='ocrx_word' id='word_1_130' title='bbox 556 1565 619 1602; x_wconf 90' lang='lat' dir='ltr'><strong>cum</strong></span> <span class='ocrx_word' id='word_1_131' title='bbox 641 1546 778 1601; x_wconf 88' lang='lat' dir='ltr'><strong>classibus</strong></span> <span class='ocrx_word' id='word_1_132' title='bbox 798 1549 890 1603; x_wconf 85' lang='lat' dir='ltr'><strong>amisi.</strong></span> 
     </span>
    </p>
   </div>
   <div class='ocr_carea' id='block_1_6' title="bbox 4 1621 892 1695">
    <p class='ocr_par' dir='ltr' id='par_1_6' title="bbox 4 1621 892 1695">
     <span class='ocr_line' id='line_1_20' title="bbox 4 1621 892 1695; baseline -0.006 -11"><span class='ocrx_word' id='word_1_133' title='bbox 4 1671 7 1676; x_wconf 78' lang='lat'><strong>,</strong></span> <span class='ocrx_word' id='word_1_134' title='bbox 80 1627 220 1684; x_wconf 87' lang='lat' dir='ltr'><strong>Restituto</strong></span> <span class='ocrx_word' id='word_1_135' title='bbox 231 1624 333 1681; x_wconf 88' lang='lat' dir='ltr'><strong>deinde</strong></span> <span class='ocrx_word' id='word_1_136' title='bbox 345 1623 558 1695; x_wconf 87' lang='lat' dir='ltr'><strong>apudCaberam</strong></span> <span class='ocrx_word' id='word_1_137' title='bbox 569 1621 703 1685; x_wconf 85' lang='lat' dir='ltr'><strong>exercitu,</strong></span> <span class='ocrx_word' id='word_1_138' title='bbox 716 1631 743 1677; x_wconf 90' lang='lat' dir='ltr'><strong>et</strong></span> <span class='ocrx_word' id='word_1_139' title='bbox 754 1623 839 1678; x_wconf 87' lang='lat' dir='ltr'><strong>variis</strong></span> <span class='ocrx_word' id='word_1_140' title='bbox 850 1623 892 1679; x_wconf 87' lang='lat' dir='ltr'><strong>in-</strong></span> 
     </span>
    </p>
   </div>
   <div class='ocr_carea' id='block_1_7' title="bbox 80 1696 891 2074">
    <p class='ocr_par' dir='ltr' id='par_1_7' title="bbox 80 1696 891 2074">
     <span class='ocr_line' id='line_1_21' title="bbox 83 1696 891 1773; baseline -0.005 -13"><span class='ocrx_word' id='word_1_141' title='bbox 83 1714 127 1759; x_wconf 86' lang='lat' dir='ltr'><strong>ter</strong></span> <span class='ocrx_word' id='word_1_142' title='bbox 138 1719 182 1758; x_wconf 92' lang='lat' dir='ltr'><strong>me</strong></span> <span class='ocrx_word' id='word_1_143' title='bbox 194 1712 276 1773; x_wconf 89' lang='lat' dir='ltr'><strong>atque</strong></span> <span class='ocrx_word' id='word_1_144' title='bbox 287 1699 436 1754; x_wconf 89' lang='lat' dir='ltr'><strong>Lucullum</strong></span> <span class='ocrx_word' id='word_1_145' title='bbox 447 1697 570 1770; x_wconf 88' lang='lat' dir='ltr'><strong>praeliis,</strong></span> <span class='ocrx_word' id='word_1_146' title='bbox 584 1696 677 1767; x_wconf 89' lang='lat' dir='ltr'><strong>inopia</strong></span> <span class='ocrx_word' id='word_1_147' title='bbox 688 1714 784 1752; x_wconf 86' lang='lat' dir='ltr'><strong>rursus</strong></span> <span class='ocrx_word' id='word_1_148' title='bbox 796 1699 891 1756; x_wconf 84' lang='lat' dir='ltr'><strong>ambos</strong></span> 
     </span>
     <span class='ocr_line' id='line_1_22' title="bbox 83 1771 889 1847; baseline -0.006 -13"><span class='ocrx_word' id='word_1_149' title='bbox 83 1778 210 1834; x_wconf 85' lang='lat' dir='ltr'><strong>incessit.</strong></span> <span class='ocrx_word' id='word_1_150' title='bbox 250 1776 295 1831; x_wconf 95' lang='lat' dir='ltr'><strong>llli</strong></span> <span class='ocrx_word' id='word_1_151' title='bbox 306 1774 418 1829; x_wconf 87' lang='lat' dir='ltr'><strong>suberat</strong></span> <span class='ocrx_word' id='word_1_152' title='bbox 429 1790 546 1847; x_wconf 79' lang='lat' dir='ltr'><strong>regnum</strong></span> <span class='ocrx_word' id='word_1_153' title='bbox 556 1771 752 1828; x_wconf 75' lang='lat' dir='ltr'><strong>Ariobarzanis</strong></span> <span class='ocrx_word' id='word_1_154' title='bbox 762 1773 836 1829; x_wconf 89' lang='lat' dir='ltr'><strong>bello</strong></span> <span class='ocrx_word' id='word_1_155' title='bbox 846 1776 889 1829; x_wconf 91' lang='lat' dir='ltr'><strong>io-</strong></span> 
     </span>
     <span class='ocr_line' id='line_1_23' title="bbox 81 1847 887 1925; baseline -0.005 -15"><span class='ocrx_word' id='word_1_156' title='bbox 81 1863 201 1910; x_wconf 83' lang='lat' dir='ltr'><strong>tactum:</strong></span> <span class='ocrx_word' id='word_1_157' title='bbox 218 1868 284 1925; x_wconf 79' lang='lat' dir='ltr'><strong>ego,</strong></span> <span class='ocrx_word' id='word_1_158' title='bbox 301 1850 388 1906; x_wconf 83' lang='lat' dir='ltr'><strong>vastis</strong></span> <span class='ocrx_word' id='word_1_159' title='bbox 399 1847 645 1904; x_wconf 88' lang='lat' dir='ltr'><strong>circumomnibus</strong></span> <span class='ocrx_word' id='word_1_160' title='bbox 657 1847 737 1912; x_wconf 90' lang='lat' dir='ltr'><strong>locis,</strong></span> <span class='ocrx_word' id='word_1_161' title='bbox 754 1849 782 1903; x_wconf 90' lang='lat' dir='ltr'><strong>io</strong></span> <span class='ocrx_word' id='word_1_162' title='bbox 793 1848 887 1906; x_wconf 76' lang='lat' dir='ltr'><strong>Arme·</strong></span> 
     </span>
     <span class='ocr_line' id='line_1_24' title="bbox 80 1922 889 1996; baseline -0.007 -10"><span class='ocrx_word' id='word_1_163' title='bbox 80 1931 158 1986; x_wconf 88' lang='lat' dir='ltr'><strong>niam</strong></span> <span class='ocrx_word' id='word_1_164' title='bbox 165 1927 303 1984; x_wconf 88' lang='lat' dir='ltr'><strong>concessi:</strong></span> <span class='ocrx_word' id='word_1_165' title='bbox 316 1926 461 1996; x_wconf 86' lang='lat' dir='ltr'><strong>secutique</strong></span> <span class='ocrx_word' id='word_1_166' title='bbox 468 1925 582 1979; x_wconf 82' lang='lat' dir='ltr'><strong>Romani</strong></span> <span class='ocrx_word' id='word_1_167' title='bbox 593 1939 648 1977; x_wconf 90' lang='lat' dir='ltr'><strong>non</strong></span> <span class='ocrx_word' id='word_1_168' title='bbox 660 1938 713 1987; x_wconf 91' lang='lat' dir='ltr'><strong>me,</strong></span> <span class='ocrx_word' id='word_1_169' title='bbox 725 1922 773 1979; x_wconf 87' lang='lat' dir='ltr'><strong>sed</strong></span> <span class='ocrx_word' id='word_1_170' title='bbox 785 1942 889 1981; x_wconf 87' lang='lat' dir='ltr'><strong>morem</strong></span> 
     </span>
     <span class='ocr_line' id='line_1_25' title="bbox 80 1997 889 2074; baseline -0.005 -13"><span class='ocrx_word' id='word_1_171' title='bbox 80 2021 166 2061; x_wconf 90' lang='lat' dir='ltr'><strong>suum</strong></span> <span class='ocrx_word' id='word_1_172' title='bbox 180 2004 271 2059; x_wconf 86' lang='lat' dir='ltr'><strong>omnia</strong></span> <span class='ocrx_word' id='word_1_173' title='bbox 283 1998 578 2074; x_wconf 83' lang='lat' dir='ltr'><strong>regnasubvertundi,</strong></span> <span class='ocrx_word' id='word_1_174' title='bbox 601 1997 667 2070; x_wconf 90' lang='lat' dir='ltr'><strong>quia</strong></span> <span class='ocrx_word' id='word_1_175' title='bbox 682 1999 889 2057; x_wconf 83' lang='lat' dir='ltr'><strong>multitudinem</strong></span> 
     </span>
    </p>
   </div>
   <div class='ocr_carea' id='block_1_8' title="bbox 5 2073 889 2150">
    <p class='ocr_par' dir='ltr' id='par_1_8' title="bbox 5 2073 889 2150">
     <span class='ocr_line' id='line_1_26' title="bbox 5 2073 889 2150; baseline -0.003 -15"><span class='ocrx_word' id='word_1_176' title='bbox 5 2117 7 2122; x_wconf 90' lang='lat'>-</span> <span class='ocrx_word' id='word_1_177' title='bbox 82 2081 152 2136; x_wconf 90' lang='lat' dir='ltr'><strong>artis</strong></span> <span class='ocrx_word' id='word_1_178' title='bbox 164 2080 232 2134; x_wconf 85' lang='lat' dir='ltr'><strong>locis</strong></span> <span class='ocrx_word' id='word_1_179' title='bbox 241 2093 335 2149; x_wconf 82' lang='lat' dir='ltr'><strong>pugna</strong></span> <span class='ocrx_word' id='word_1_180' title='bbox 347 2075 524 2147; x_wconf 84' lang='lat' dir='ltr'><strong>prohibuere,</strong></span> <span class='ocrx_word' id='word_1_181' title='bbox 537 2073 752 2145; x_wconf 78' lang='lat' dir='ltr'><strong>imprudentiam</strong></span> <span class='ocrx_word' id='word_1_182' title='bbox 762 2077 889 2150; x_wconf 82' lang='lat' dir='ltr'><strong>Tigranis</strong></span> 
     </span>
    </p>
   </div>
   <div class='ocr_carea' id='block_1_9' title="bbox 5 2673 56 2780">
    <p class='ocr_par' dir='ltr' id='par_1_9' title="bbox 5 2673 56 2780">
     <span class='ocr_line' id='line_1_27' title="bbox 5 2673 56 2780; baseline 0 -54"><span class='ocrx_word' id='word_1_183' title='bbox 5 2673 56 2780; x_wconf 78' lang='lat'><strong>,.</strong></span> 
     </span>
    </p>
   </div>
   <div class='ocr_carea' id='block_1_10' title="bbox 80 2149 888 2230">
    <p class='ocr_par' dir='ltr' id='par_1_10' title="bbox 80 2149 888 2230">
     <span class='ocr_line' id='line_1_28' title="bbox 80 2149 888 2230; baseline -0.002 -20"><span class='ocrx_word' id='word_1_184' title='bbox 80 2172 134 2230; x_wconf 88' lang='lat' dir='ltr'><strong>pro</strong></span> <span class='ocrx_word' id='word_1_185' title='bbox 151 2152 265 2208; x_wconf 87' lang='lat' dir='ltr'><strong>victoria</strong></span> <span class='ocrx_word' id='word_1_186' title='bbox 276 2159 424 2206; x_wconf 84' lang='lat' dir='ltr'><strong>ostentant.</strong></span> <span class='ocrx_word' id='word_1_187' title='bbox 463 2151 543 2205; x_wconf 87' lang='lat' dir='ltr'><strong>Nunc</strong></span> <span class='ocrx_word' id='word_1_188' title='bbox 554 2165 658 2222; x_wconf 88' lang='lat' dir='ltr'><strong>quaeso</strong></span> <span class='ocrx_word' id='word_1_189' title='bbox 667 2149 823 2216; x_wconf 86' lang='lat' dir='ltr'><strong>considera,</strong></span> <span class='ocrx_word' id='word_1_190' title='bbox 838 2171 888 2208; x_wconf 80' lang='lat' dir='ltr'><strong>nc—</strong></span> 
     </span>
    </p>
   </div>
   <div class='ocr_carea' id='block_1_11' title="bbox 3 2224 886 2301">
    <p class='ocr_par' dir='ltr' id='par_1_11' title="bbox 3 2224 886 2301">
     <span class='ocr_line' id='line_1_29' title="bbox 3 2224 886 2301; baseline -0.002 -15"><span class='ocrx_word' id='word_1_191' title='bbox 3 2247 4 2250; x_wconf 71' lang='grc'>’</span> <span class='ocrx_word' id='word_1_192' title='bbox 82 2231 128 2286; x_wconf 89' lang='lat' dir='ltr'><strong>bis</strong></span> <span class='ocrx_word' id='word_1_193' title='bbox 139 2229 281 2301; x_wconf 83' lang='lat' dir='ltr'><strong>oppressis</strong></span> <span class='ocrx_word' id='word_1_194' title='bbox 294 2235 386 2280; x_wconf 87' lang='lat' dir='ltr'><strong>utrum</strong></span> <span class='ocrx_word' id='word_1_195' title='bbox 399 2225 546 2280; x_wconf 81' lang='lat' dir='ltr'><strong>firmiorem</strong></span> <span class='ocrx_word' id='word_1_196' title='bbox 559 2235 584 2280; x_wconf 92' lang='lat' dir='ltr'><strong>te</strong></span> <span class='ocrx_word' id='word_1_197' title='bbox 596 2224 630 2280; x_wconf 87' lang='lat' dir='ltr'><strong>ad</strong></span> <span class='ocrx_word' id='word_1_198' title='bbox 642 2226 839 2291; x_wconf 87' lang='lat' dir='ltr'><strong>resistendam,</strong></span> <span class='ocrx_word' id='word_1_199' title='bbox 852 2245 886 2284; x_wconf 91' lang='lat' dir='ltr'><strong>an</strong></span> 
     </span>
    </p>
   </div>
   <div class='ocr_carea' id='block_1_12' title="bbox 81 2299 886 2754">
    <p class='ocr_par' dir='ltr' id='par_1_12' title="bbox 81 2299 886 2680">
     <span class='ocr_line' id='line_1_30' title="bbox 81 2299 886 2372; baseline -0.004 -11"><span class='ocrx_word' id='word_1_200' title='bbox 81 2306 167 2361; x_wconf 84' lang='lat' dir='ltr'><strong>finem</strong></span> <span class='ocrx_word' id='word_1_201' title='bbox 184 2303 251 2360; x_wconf 89' lang='lat' dir='ltr'><strong>belli</strong></span> <span class='ocrx_word' id='word_1_202' title='bbox 268 2301 391 2356; x_wconf 85' lang='lat' dir='ltr'><strong>laturum</strong></span> <span class='ocrx_word' id='word_1_203' title='bbox 405 2299 504 2372; x_wconf 82' lang='lat' dir='ltr'><strong>putes?</strong></span> <span class='ocrx_word' id='word_1_204' title='bbox 524 2301 588 2356; x_wconf 91' lang='lat' dir='ltr'><strong>Scio</strong></span> <span class='ocrx_word' id='word_1_205' title='bbox 602 2300 745 2372; x_wconf 89' lang='lat' dir='ltr'><strong>equidem,</strong></span> <span class='ocrx_word' id='word_1_206' title='bbox 766 2301 817 2358; x_wconf 89' lang='lat' dir='ltr'><strong>tibi</strong></span> <span class='ocrx_word' id='word_1_207' title='bbox 828 2321 886 2358; x_wconf 91' lang='lat' dir='ltr'><strong>ma-</strong></span> 
     </span>
     <span class='ocr_line' id='line_1_31' title="bbox 81 2378 886 2456; baseline -0.001 -21"><span class='ocrx_word' id='word_1_208' title='bbox 81 2397 153 2456; x_wconf 79' lang='lat' dir='ltr'><strong>gnas</strong></span> <span class='ocrx_word' id='word_1_209' title='bbox 164 2397 230 2450; x_wconf 89' lang='lat' dir='ltr'><strong>opes</strong></span> <span class='ocrx_word' id='word_1_210' title='bbox 241 2379 379 2440; x_wconf 86' lang='lat' dir='ltr'><strong>virorum,</strong></span> <span class='ocrx_word' id='word_1_211' title='bbox 401 2392 538 2432; x_wconf 86' lang='lat' dir='ltr'><strong>armorum</strong></span> <span class='ocrx_word' id='word_1_212' title='bbox 550 2385 576 2432; x_wconf 88' lang='lat' dir='ltr'><strong>et</strong></span> <span class='ocrx_word' id='word_1_213' title='bbox 586 2378 645 2432; x_wconf 87' lang='lat' dir='ltr'><strong>auri</strong></span> <span class='ocrx_word' id='word_1_214' title='bbox 658 2393 731 2444; x_wconf 80' lang='lat' dir='ltr'><strong>esse3</strong></span> <span class='ocrx_word' id='word_1_215' title='bbox 752 2387 778 2432; x_wconf 87' lang='lat' dir='ltr'><strong>et</strong></span> <span class='ocrx_word' id='word_1_216' title='bbox 788 2395 819 2432; x_wconf 89' lang='lat' dir='ltr'><strong>ca</strong></span> <span class='ocrx_word' id='word_1_217' title='bbox 829 2395 886 2434; x_wconf 84' lang='lat' dir='ltr'><strong>rea</strong></span> 
     </span>
     <span class='ocr_line' id='line_1_32' title="bbox 82 2451 886 2526; baseline 0 -16"><span class='ocrx_word' id='word_1_218' title='bbox 82 2455 165 2511; x_wconf 88' lang='lat' dir='ltr'><strong>nobis</strong></span> <span class='ocrx_word' id='word_1_219' title='bbox 177 2454 211 2510; x_wconf 87' lang='lat' dir='ltr'><strong>ad</strong></span> <span class='ocrx_word' id='word_1_220' title='bbox 221 2453 394 2515; x_wconf 85' lang='lat' dir='ltr'><strong>societatem,</strong></span> <span class='ocrx_word' id='word_1_221' title='bbox 407 2451 442 2506; x_wconf 91' lang='lat' dir='ltr'><strong>ab</strong></span> <span class='ocrx_word' id='word_1_222' title='bbox 452 2452 510 2508; x_wconf 91' lang='lat' dir='ltr'><strong>illis</strong></span> <span class='ocrx_word' id='word_1_223' title='bbox 521 2451 695 2526; x_wconf 88' lang='lat' dir='ltr'><strong>adpraedam</strong></span> <span class='ocrx_word' id='word_1_224' title='bbox 707 2454 818 2525; x_wconf 86' lang='lat' dir='ltr'><strong>peteris.</strong></span> <span class='ocrx_word' id='word_1_225' title='bbox 833 2453 886 2510; x_wconf 88' lang='lat' dir='ltr'><strong>Ce-</strong></span> 
     </span>
     <span class='ocr_line' id='line_1_33' title="bbox 82 2527 884 2604; baseline -0.001 -18"><span class='ocrx_word' id='word_1_226' title='bbox 82 2541 173 2587; x_wconf 82' lang='lat' dir='ltr'><strong>terum</strong></span> <span class='ocrx_word' id='word_1_227' title='bbox 191 2527 338 2584; x_wconf 70' lang='lat' dir='ltr'><strong>coc⁰²&#39;²··“</strong></span> <span class='ocrx_word' id='word_1_228' title='bbox 357 2535 396 2554; x_wconf 68' lang='lat'><strong>“⁸⁴</strong></span> <span class='ocrx_word' id='word_1_229' title='bbox 432 2529 558 2602; x_wconf 77' lang='lat' dir='ltr'><strong>Tigranis</strong></span> <span class='ocrx_word' id='word_1_230' title='bbox 572 2547 657 2604; x_wconf 82' lang='lat' dir='ltr'><strong>reguo</strong></span> <span class='ocrx_word' id='word_1_231' title='bbox 672 2529 794 2602; x_wconf 76' lang='lat' dir='ltr'><strong>integro,</strong></span> <span class='ocrx_word' id='word_1_232' title='bbox 814 2528 884 2585; x_wconf 89' lang='lat' dir='ltr'><strong>meis</strong></span> 
     </span>
     <span class='ocr_line' id='line_1_34' title="bbox 84 2603 882 2680; baseline 0 -19"><span class='ocrx_word' id='word_1_233' title='bbox 84 2603 188 2638; x_wconf 43' lang='grc' dir='ltr'><strong>ἈΜ</strong></span> <span class='ocrx_word' id='word_1_234' title='bbox 463 2603 527 2671; x_wconf 84' lang='lat' dir='ltr'><strong>bus,</strong></span> <span class='ocrx_word' id='word_1_235' title='bbox 540 2606 634 2680; x_wconf 87' lang='lat' dir='ltr'><strong>procul</strong></span> <span class='ocrx_word' id='word_1_236' title='bbox 647 2603 681 2660; x_wconf 86' lang='lat' dir='ltr'><strong>ab</strong></span> <span class='ocrx_word' id='word_1_237' title='bbox 691 2604 785 2670; x_wconf 91' lang='lat' dir='ltr'><strong>domo,</strong></span> <span class='ocrx_word' id='word_1_238' title='bbox 799 2621 882 2676; x_wconf 86' lang='lat' dir='ltr'><strong>parvo</strong></span> 
     </span>
    </p>

    <p class='ocr_par' dir='ltr' id='par_1_13' title="bbox 472 2681 879 2754">
     <span class='ocr_line' id='line_1_35' title="bbox 472 2681 879 2754; baseline 0.005 -18"><span class='ocrx_word' id='word_1_239' title='bbox 472 2701 476 2736; x_wconf 90' lang='grc' dir='ltr'>ι</span> <span class='ocrx_word' id='word_1_240' title='bbox 487 2681 589 2740; x_wconf 88' lang='lat' dir='ltr'><strong>bellum</strong></span> <span class='ocrx_word' id='word_1_241' title='bbox 600 2681 745 2739; x_wconf 87' lang='lat' dir='ltr'><strong>conlicore:</strong></span> <span class='ocrx_word' id='word_1_242' title='bbox 757 2697 813 2754; x_wconf 89' lang='lat' dir='ltr'><strong>quo</strong></span> <span class='ocrx_word' id='word_1_243' title='bbox 820 2697 879 2738; x_wconf 86' lang='lat' dir='ltr'><strong>mo·</strong></span> 
     </span>
    </p>
   </div>
   <div class='ocr_carea' id='block_1_13' title="bbox 0 0 1040 3036">
    <p class='ocr_par' dir='ltr' id='par_1_14' title="bbox 0 0 1040 3036">
     <span class='ocr_line' id='line_1_36' title="bbox 0 0 1040 3036; baseline 0 2"><span class='ocrx_word' id='word_1_244' title='bbox 0 0 1040 3036; x_wconf 95' lang='lat' dir='ltr'><strong> </strong></span> 
     </span>
    </p>
   </div>
  </div>
 </body>
</html>
