2058 3032
247 181 442 228 caraman.
463 183 543 230 cae.
564 150 670 228 ra-ssco.
834 179 865 230 re

42 283 89 340 die
106 283 318 341 transtulerant.
357 282 414 338 lam
432 292 492 338 tum
512 301 566 340 non
585 282 753 340 Consulibus
771 282 862 348 modo,

41 359 92 416 sed
105 360 255 432 plerisque
264 358 441 414 Senatoribus
456 360 609 432 perniciem
622 357 862 414 machinabantur.

41 435 161 502 Quodni
175 435 293 491 Catilina
308 441 473 490 maturasset
487 452 537 507 pro
552 435 630 490 curia
648 435 760 508 signum
780 434 863 489 sociis

41 513 127 577 dere,
145 527 179 567 eo
188 511 234 565 die
245 517 307 582 post
316 509 455 566 conditam
466 510 564 565 urbem
577 509 690 565 Romam
700 526 863 582 pessumum

41 587 158 644 facinus
181 594 319 658 patratum
340 584 418 641 foret.
463 585 533 654 Quia
556 585 680 641 nondum
704 584 862 657 frequentes

40 663 147 719 armati
158 669 357 726 convenerant,
370 679 402 716 aa
412 679 456 717 res
468 662 616 717 consilium
626 661 749 717 diremit.

100 739 182 796 XIX.
204 739 299 794 Postea
312 737 376 793 Piso
388 737 418 792 in
432 737 587 794 citeriorem
600 738 762 810 Hispaniam
772 733 863 802 Quae-

41 827 101 872 stor
117 831 170 888 pro
184 814 311 870 Praetore
325 813 428 868 missus
443 821 485 868 est
499 813 639 868 adnitente
654 813 765 877 Crasso,
786 813 863 883 quod

40 909 109 948 eum
134 889 270 945 infestum
292 889 438 944 inimicum
458 889 508 945 Cn.
531 889 662 960 Pompeio
686 896 862 961 cognoverat.
914 957 915 960 Ἴ

39 971 143 1040 Neque
162 975 255 1022 tamen
268 964 393 1020 ¹Senatus
412 964 586 1037 provinciam
606 965 712 1020 invitus
732 962 859 1020 dederat:

39 1044 153 1117 quippe
164 1040 276 1097 foedum
286 1040 427 1096 hominem
441 1040 609 1113 erepublica
624 1040 721 1113 procul
736 1057 797 1096 esse
811 1057 862 1096 vo-

40 1121 134 1175 lebat:
158 1117 242 1172 simul
257 1117 324 1188 quia
340 1117 406 1172 boni
421 1116 578 1189 complures
592 1115 764 1188 praesidium
784 1117 813 1172 in
828 1134 860 1173 eo

40 1195 194 1268 putabant:
215 1202 242 1248 et
256 1195 312 1247 iam
322 1199 382 1247 tum
395 1193 516 1265 potentia
530 1189 581 1248 Cn.
591 1193 716 1264 Pompeii
728 1191 861 1248 formido-

41 1275 104 1327 losa
118 1277 187 1325 erat.
228 1267 283 1324 Sed
298 1269 323 1323 is
333 1268 397 1323 Piso
411 1269 440 1323 in
455 1268 599 1340 provincia
612 1268 647 1323 ab
658 1268 801 1340 equitibus
811 1269 861 1324 lli·

40 1347 152 1419 spanis,
164 1361 234 1418 quos
244 1346 274 1400 iu
285 1344 408 1399 exercitu
420 1343 559 1408 ductabat,
572 1345 624 1399 iter
635 1343 740 1400 iaciens
749 1347 859 1399 occisus

42 1432 96 1478 est.
138 1419 223 1484 Sunt,
238 1420 337 1492 quiite
348 1419 457 1475 dicunt:
477 1420 793 1492 impariaeiuainiusta,
811 1438 859 1474 su,-

40 1497 146 1572 perba‚
158 1495 280 1551 crudelia
291 1495 422 1550 barbaros
432 1496 595 1567 nequivisse
606 1497 678 1568 pati:
694 1496 742 1552 alii
754 1504 856 1560 autem,

42 1575 154 1647 equites
170 1571 249 1636 illos,
271 1571 321 1626 Cn.
333 1569 457 1644 Pompeii
472 1579 580 1626 veteres
595 1570 720 1644 fidosque
732 1573 857 1636 clientes,

41 1651 187 1706 voluntate
201 1648 261 1702 eius
271 1647 400 1703 Pisonem
415 1646 574 1718 adgressos:
596 1664 749 1719 numquam
758 1647 859 1718 Hispa-

43 1745 94 1782 nos
105 1731 246 1797 praeterea
257 1722 311 1778 tale
322 1722 429 1778 facinus
443 1722 557 1787 fecisse,
578 1721 628 1777 sed
643 1723 760 1795 imparia
775 1740 858 1778 saeva

44 1801 132 1858 multa
147 1808 225 1855 antea
239 1816 396 1872 perpessos.
437 1799 492 1854 Nos
506 1813 566 1853 eam
580 1815 640 1854 rem
655 1799 684 1854 in
703 1797 796 1853 medio
813 1816 858 1854 re-

43 1881 214 1950 linquemus.
253 1875 291 1930 De
305 1875 447 1947 superiore
461 1874 649 1932 coniuratione
661 1875 729 1930 satis
740 1873 856 1933 dictum.

98 1952 163 2008 XX.
185 1951 317 2016 Catilina,
329 1951 379 2006 ubi
389 1968 450 2016 eos,
462 1967 532 2022 quos
542 1951 637 2024 paullo
648 1958 710 2007 ante
721 1967 856 2006 memora-

41 2033 82 2096 vi,
95 2027 259 2084 convenisse
268 2026 359 2082 videt:
372 2027 481 2082 tametsi
492 2043 555 2082 cum
566 2027 687 2101 singulis
697 2027 783 2082 multa
795 2046 856 2082 sae-

42 2124 77 2178 pe
91 2110 198 2178 egerat‚
219 2111 310 2158 umen
324 2104 355 2158 in
369 2120 428 2158 rem
443 2101 500 2159 iore
515 2103 631 2159 credens
644 2104 791 2174 universos
805 2105 855 2160 ad-

43 2183 147 2254 pellare
160 2187 188 2234 et
202 2178 352 2262 cohortari,
375 2181 405 2234 in
419 2178 542 2234 abditam
557 2186 663 2251 partem
681 2179 792 2236 aedium
810 2199 855 2236 se-

44 2257 141 2322 cessit,
167 2264 249 2326 atque
265 2253 322 2318 ibi,
347 2254 477 2310 omnibus
498 2255 609 2310 arbitris
628 2255 725 2327 procul
745 2259 852 2322 amotis,

46 2333 194 2389 orationem
203 2329 398 2385 huiuscemodi
409 2330 516 2386 babuit.
719 2347 725 2351 ·

101 2408 162 2475 „Ni
175 2407 266 2462 virtus
284 2405 409 2478 fidesque
428 2415 520 2462 vostra
532 2415 654 2480 spectata
668 2408 739 2464 mihi
753 2409 851 2475 forent,

47 2484 229 2558 nequicquam
242 2491 395 2554 opportuna
411 2500 455 2539 res
470 2482 630 2552 cecidisset3
659 2502 724 2557 spes
741 2502 850 2560 magna,

48 2558 193 2617 dominatio
202 2558 232 2612 in
242 2557 372 2614 manibus
382 2559 483 2616 frustra
492 2558 624 2616 luissent:
638 2577 731 2633 neque
742 2578 793 2634 ego
804 2579 852 2633 par

47 2637 144 2711 ignava
157 2641 206 2689 eut
219 2651 289 2690 vana
303 2635 415 2708 ingenia
430 2635 533 2690 incerta
547 2653 598 2706 pro
608 2637 691 2692 certis
702 2645 851 2708 captarem.

47 2712 98 2770 Sed
112 2712 178 2785 quia
193 2709 288 2764 multis
299 2718 326 2766 et
335 2711 445 2784 magnis
455 2712 665 2783 tempestatibus
675 2729 725 2769 vos
734 2713 851 2784 cognovi
