2080 3030
152 175 186 230 50
303 175 334 227 0.’
350 180 406 228 CR.
426 181 632 228 SALLUSTII
653 181 805 228 BELLUM

151 283 308 357 perniciosa
323 281 451 338 lubidine
466 283 619 355 paullisper
632 299 714 337 usus:
735 283 784 338 ubi
800 300 848 356 per
862 300 965 340 socor-
1023 293 1024 352 j

153 359 227 414 diam
238 359 322 422 vires,
335 367 455 429 tempus
467 358 612 432 ingenium
622 357 772 424 defluxere,
785 367 900 415 naturae
912 362 962 416 in·
1023 409 1024 418 ,

152 435 268 490 firmitas
278 443 432 498 accusatur,
443 451 521 490 suam
531 441 652 508 quasque
663 435 773 506 cuipam
783 445 910 491 auctores
922 436 960 490 ad
1023 431 1024 440 ’

151 512 261 585 nogotia
281 509 459 566 transierunt.
508 510 613 578 Quodsi
637 510 797 566 hominibus
819 511 960 566 bonarum
1023 521 1024 576 ξ

151 605 243 644 rorum
256 595 329 642 tauta
340 603 405 642 cura
417 595 502 652 esset,
523 597 626 661 quanto
635 586 728 642 studio
739 588 829 642 aliena
839 605 871 643 ac
882 587 959 643 nihii

150 663 295 738 profutura
309 663 483 733 multumque
497 666 579 720 etiam
597 663 754 737 periculosa
768 671 879 735 petunt;
906 681 961 719 ue·
1023 691 1024 698 κ

151 756 206 812 que
221 748 381 814 regerentur
394 738 497 811 magis,
521 758 605 813 quam
620 748 746 812 regerent
761 756 855 804 casus,
878 748 906 795 et
925 757 959 796 eo
1023 773 1024 776 =

151 814 353 890 magnitudinis
363 813 557 887 procederent,
578 817 620 872 uti
633 833 683 888 pro
693 815 856 871 mortalibus
865 815 958 889 gioria

152 893 254 948 aeterni
266 889 372 946 fierent.

207 969 240 1023 ss.
260 968 330 1022 Nam
344 966 385 1022 uti
400 980 488 1040 genus
502 961 647 1022 homiuum
664 967 846 1038 compositum
863 975 905 1022 est
920 985 957 1024 ex

151 1059 264 1116 corpore
283 1043 433 1120 etenim,
459 1041 495 1097 ita
510 1056 555 1094 res
570 1051 685 1098 currctne
699 1041 847 1115 studiaque
861 1045 956 1099 omnia

151 1129 242 1176 nostro
258 1118 379 1190 corporis
395 1119 463 1184 alia,
484 1114 538 1170 alia
553 1117 638 1173 animi
649 1127 774 1175 naturam
788 1128 955 1192 sequuntur.

150 1195 239 1270 Igitur
248 1193 387 1273 praeclara
402 1193 500 1256 iacies,
521 1209 637 1266 magnae
646 1195 776 1260 diuitiae,
801 1195 836 1252 ad
847 1195 898 1252 hoc
909 1196 955 1252 vis

152 1274 274 1345 corporis
289 1279 316 1326 et
330 1270 384 1325 ulia
401 1267 594 1326 huiuscemodi
612 1271 704 1326 omnia
724 1271 802 1328 brevi
822 1271 956 1328 dilabuu-

150 1355 209 1413 tur3
232 1356 259 1403 at
274 1347 381 1420 ingenii
397 1347 508 1420 egregia
519 1343 653 1411 facinora.
675 1348 758 1404 sicuti
770 1348 875 1414 anima,
899 1349 955 1404 im-

151 1424 278 1482 mortalia
300 1430 375 1478 sunt.
414 1423 554 1478 Postremo
572 1423 693 1495 corporis
712 1432 740 1479 ot
759 1423 883 1480 fortunae
903 1424 955 1480 bo·

151 1517 264 1565 norum,
276 1507 307 1554 ut
316 1499 443 1564 initium,
458 1498 499 1554 sio
509 1497 573 1553 finis
584 1507 639 1554 est:
655 1500 803 1572 omniaque
812 1509 869 1556 orta
879 1502 955 1556 occi-

151 1576 234 1641 dunt.
244 1585 271 1632 et
281 1584 359 1631 aucta
370 1582 530 1643 senescunt3
544 1576 653 1631 animus
663 1575 853 1649 incorruptus,
866 1585 954 1632 noter-

151 1670 219 1718 uus,
234 1661 322 1710 rector
332 1651 447 1708 humaui
456 1653 580 1726 generis,
593 1652 740 1726 agitatque
752 1653 835 1708 habet
844 1662 952 1718 cuncta,

151 1746 241 1802 nequa
257 1730 317 1802 ipse
331 1728 458 1786 hahetur.
497 1727 556 1795 Quo
567 1729 656 1802 magis
667 1730 788 1801 pravitas
800 1746 893 1786 eorum
904 1729 954 1785 adv

152 1890 234 1955 atque
248 1882 389 1956 ignaviam
404 1890 519 1937 aetatem
534 1889 632 1954 agunt:
658 1889 778 1936 ceterum
799 1883 951 1956 ingenium¹

152 1974 208 2033 quc
225 1975 317 2031 neque
336 1957 438 2014 melius
458 1973 548 2028 neque
572 1957 692 2029 amplius
712 1957 790 2013 aliud
809 1959 839 2012 iu
858 1967 953 2015 natura

152 2036 309 2092 mortalium
325 2042 380 2100 est,
412 2034 521 2090 incultu
546 2040 628 2105 atque
652 2033 777 2090 socordia
799 2042 952 2107 torpescere

152 2112 262 2168 sinunt:
282 2127 369 2183 quum
384 2109 546 2184 praesertim
558 2117 613 2166 tam
627 2109 730 2166 multae
740 2111 888 2183 variaeque
898 2111 953 2168 sint

154 2197 224 2244 artes
235 2188 335 2253 animi,
352 2187 456 2260 quibus
466 2201 574 2242 summa
585 2185 722 2243 claritudo
732 2196 854 2259 paratur.

208 2265 253 2319 ill.
267 2265 370 2320 Verum
381 2281 417 2320 ex
427 2262 471 2319 hir
482 2263 658 2334 magistratus
669 2272 695 2319 et
705 2264 835 2336 imperia,
848 2272 952 2336 postre-

154 2355 199 2396 mo
209 2340 298 2395 omnis
309 2355 477 2396 curararum
487 2338 678 2411 publicarum,
688 2341 813 2395 minume
822 2339 892 2396 ruihi
901 2339 952 2395 hac

154 2424 315 2489 tempestate
325 2415 467 2489 cupiunda
478 2414 618 2478 videntur,
628 2416 760 2488 quoniam
770 2433 860 2490 neque
868 2417 951 2472 virtu-

154 2493 175 2548 ti
191 2491 276 2548 honos
292 2491 386 2558 datur,
411 2509 501 2565 neque
516 2491 574 2557 illi,
598 2491 702 2564 quihus
716 2509 766 2564 per
785 2491 907 2549 fraudem
928 2493 952 2549 is

156 2567 223 2634 fuit,
249 2568 346 2640 utique
360 2568 414 2625 tuti
428 2577 475 2625 aut
490 2585 522 2623 eo
536 2569 626 2642 magis
646 2567 754 2624 honesti
773 2577 847 2625 sunt.
886 2569 951 2626 Nam

155 2644 183 2698 vi
199 2641 314 2718 quidem
329 2661 424 2718 regere
438 2645 556 2718 patriam
571 2653 618 2699 aut
627 2651 768 2717 parentes,
788 2661 951 2718 quamquam

157 2719 574 2794 otpossisetdelictnoorrigaa,
596 2728 687 2776 tamen
702 2722 890 2794 importunum
899 2731 949 2792 est,

151 1805 276 1862 miranda
287 1814 341 1870 ost,
353 1806 418 1877 qui,
430 1803 519 1860 dediti
528 1806 649 1876 corporis
659 1804 784 1879 gaudiis,
796 1822 846 1878 per
856 1807 953 1862 luxum
