2070 3036
188 231 478 278 IUGURTHINUM.
501 231 579 278 CAP.
602 233 636 279 79.
649 234 685 278 80.
800 229 847 282 ΗΒ

46 331 171 404 aequalia
187 343 212 388 et
227 332 302 388 nuda
315 318 490 406 gignentium
502 341 602 388 ventus
617 343 725 388 coortus
736 351 847 391 arenam

46 407 128 464 humo
141 409 286 474 excitavit,
300 426 345 475 ea,
358 425 458 482 magna
468 410 497 464 vi
509 409 624 482 agitata,
638 426 685 464 ora
696 410 846 483 oculosque

46 484 160 556 implere
176 485 257 540 solet:
283 486 321 540 ita
341 495 491 558 prospectu
510 484 645 558 impedito
664 487 765 541 morari
783 489 845 542 iter.

46 560 192 633 Postquam
212 554 382 636 Cyrenenses
403 561 544 634 aliquanto
568 563 733 634 posteriores
753 579 783 616 se
802 563 847 618 vi-

46 633 121 700 dent,
148 645 176 692 et
190 637 226 692 ob
241 653 299 692 rem
315 647 471 710 corruptam
486 637 562 693 domi
582 641 685 710 poenas
703 647 843 700 metuunt;

46 713 201 778 criminari,
223 713 467 788 Carthaginienses
486 715 550 770 ante
569 717 679 787 tempus
700 714 781 770 domo
801 713 847 770 di-

45 803 166 859 gressos‚
199 791 362 846 conturbare
388 807 460 846 rem:
491 789 613 862 deniqne
637 793 730 845 onmia
751 790 843 856 malle,

46 879 124 934 qnam
136 866 205 920 vieti
216 865 303 922 abire.
344 865 400 923 Sed
415 883 502 938 quum
514 867 596 921 Poeni
612 867 694 922 aliam
709 867 846 922 conditio-

44 955 119 1006 nem,
136 942 469 1015 tantummodoaeqnam,
489 943 627 1015 peterent,
647 943 846 1015 Graecioptio·

44 1031 104 1070 nem
114 1017 387 1092 Carthaginiensium
399 1018 518 1082 faciunt,
531 1027 562 1074 ut
573 1019 616 1075 vel
628 1019 687 1084 illi,
699 1035 770 1092 quoa
781 1018 845 1074 finis

45 1093 145 1163 populo
156 1110 208 1149 suo
219 1103 351 1167 peterent,
364 1095 405 1149 ihi
416 1095 475 1150 vivi
486 1094 680 1162 obruerentrrr3
693 1096 737 1150 vel
748 1096 845 1164 eadem

44 1169 201 1260 canusina
209 1189 280 1236 sese,
292 1187 376 1243 quem
387 1171 419 1226 in'
428 1171 519 1227 lonum
530 1171 643 1236 vellent,
656 1188 843 1243 processuros.

97 1285 99 1290 ’
149 1247 845 1398 att‘lltttttllt‘ttttltlfflttttttl

57 1399 61 1406 '
76 1415 83 1428 ¹
97 1417 100 1424 ’
138 1417 152 1453 s
166 1401 196 1454 in
211 1417 244 1457 eo
260 1401 319 1456 loeo
333 1367 475 1456 Philaenis
486 1401 618 1456 fratribus
629 1417 689 1456 aras
700 1418 845 1457 conseera-

139 1475 247 1606 gliiqua
261 1476 320 1533 illis
329 1477 405 1534 domi
416 1477 534 1534 honores
545 1478 676 1534 instituti.
717 1480 797 1533 Nunc
809 1477 843 1532 ad

160 1568 203 1606 eo.

145 1623 210 1683 XX.
228 1618 361 1702 Iugurtha
371 1627 533 1700 postquam,
546 1629 648 1683 amissa
658 1626 757 1691 Thala,
770 1627 842 1683 nihil

127 1717 229 1758 rrmum
239 1713 331 1760 eontra
343 1704 483 1763 Metellum
494 1712 586 1775 putat,
607 1719 657 1776 per
670 1719 784 1781 magnas
798 1721 844 1760 so·

97 1739 175 1835 lines
190 1797 254 1835 oum
269 1781 366 1853 paucis
381 1779 535 1852 profectus,
556 1779 728 1852 pervenitad
740 1779 844 1836 Gaetu·

89 1895 94 1917 ,
116 1871 206 1928 genus
222 1854 365 1912 hominnm
382 1855 471 1912 lerum
486 1856 679 1928 incultumque
693 1866 719 1912 et
730 1871 762 1910 eo
773 1864 844 1912 tem·

44 1943 105 1994 pora
121 1929 250 2006 ignarum
266 1932 387 1988 nominis
402 1933 528 1988 Romani.
567 1933 670 1988 Eorum
684 1931 843 1988 multitudi-

45 2019 104 2060 nem
112 2007 143 2062 in
154 2024 241 2063 unum
252 2009 340 2082 cogit,
355 2026 387 2065 ae
397 2009 541 2082 paullatim
552 2008 722 2065 consuefacit
731 2007 843 2068 ordinas

45 2075 156 2149 hahere,
173 2085 254 2158 signa
264 2086 359 2158 sequi,
374 2086 523 2158 imperium
535 2085 697 2151 observare,
712 2085 843 2142 itemalia

44 2155 171 2215 militaria
185 2159 284 2217 faeere.
324 2163 467 2218 Praeterea
485 2163 559 2237 regis
574 2162 674 2218 Booohi
692 2171 842 2233 proxumos

45 2237 148 2306 magnis
168 2237 332 2292 muneribus
350 2247 377 2294 et
391 2239 543 2295 maioribus
563 2238 708 2312 promissis
728 2236 765 2296 nd
782 2246 845 2294 sto-v

45 2304 119 2364 dium
129 2312 174 2367 sui
184 2313 325 2386 perducit;
338 2318 402 2387 quls
414 2314 588 2372 adiutoribus
595 2331 688 2388 regem
694 2329 842 2388 aggressus

45 2382 170 2455 impellit,
182 2390 224 2445 uti
232 2389 382 2446 adversum
392 2392 527 2448 Romanos
539 2390 644 2447 bellum
653 2392 799 2462 suscipiat.
811 2390 842 2446 tu

44 2473 72 2541 tn
86 2463 173 2534 gratia
188 2465 299 2523 facilius
313 2467 522 2540 procliviusqua
537 2467 604 2533 suit,
628 2466 703 2539 quod
718 2466 841 2522 Bocchus

45 2537 120 2594 mitio
135 2538 251 2598 huiusce
267 2543 335 2599 belli
350 2543 454 2617 legatos
468 2545 582 2600 Romam
596 2545 721 2615 miserat,
744 2541 841 2600 foedus

45 2618 68 2694 et
79 2615 226 2672 amicitiam
238 2620 367 2690 petitum3
385 2634 471 2692 qnam
481 2637 553 2684 rem,
568 2620 842 2694 opportunissumam

45 2699 149 2762 incepto
161 2690 270 2768 [bello],
289 2697 372 2768 pauci
387 2697 606 2769 impediverant,
627 2697 702 2754 caeci
713 2693 839 2759 avaritia,

43 2767 115 2896 qulaS
125 2770 217 2824 omnia
240 2770 355 2828 honesta
374 2781 457 2848 atque
477 2772 623 2832 inhonesta
642 2771 762 2831 vendere
782 2782 841 2826 moa

120 2860 239 2901 onnon.
652 2851 676 2904 Η
