2058 3032
167 573 207 642 c.
237 551 427 642 OR'ISPI
456 571 762 643 suuuusun

436 727 489 775 DE
603 733 604 739 ¹

62 873 500 972 CONIURATIONE
560 871 866 970 CATILINAE

108 1149 128 1188 ⁰
327 1068 597 1135 H'lST‘ORlA.

383 1257 549 1268 -a—-a-a-

112 1451 135 1504 1.
157 1439 262 1504 Omnis
280 1447 421 1514 homines,
450 1449 501 1520 qui
520 1466 582 1504 sese
599 1449 712 1507 student
729 1458 867 1523 praestare

58 1525 159 1580 ceteris
170 1523 352 1589 animalibus,
374 1541 482 1579 summa
491 1541 543 1596 ope
554 1525 606 1579 niti
619 1525 713 1590 decet,
737 1543 771 1581 ne
783 1526 866 1580 vitam

58 1601 171 1656 silentio
181 1608 334 1664 transeant,
356 1600 443 1655 veluti
457 1616 570 1671 pecora,
591 1617 662 1670 quae
676 1610 773 1657 natura
782 1618 866 1672 prona

57 1685 141 1748 atque
162 1676 253 1731 ventri
271 1675 429 1730 obedientia
449 1675 539 1730 finxit.
589 1675 644 1731 Sed
667 1685 758 1732 nostra
777 1678 867 1732 omnis

24 1755 34 1764 “
56 1753 102 1807 vis
112 1753 143 1806 iu
155 1753 247 1806 animo
258 1759 284 1806 et
294 1767 407 1823 corpore
416 1750 469 1806 sita
477 1759 535 1806 est:
558 1752 644 1806 animi
655 1752 786 1823 imperio,
807 1769 868 1806 eor·

56 1830 134 1899 poris
144 1828 259 1883 servitio
269 1829 358 1901 magis
367 1827 485 1896 utimur3
506 1827 623 1884 alterum
633 1828 714 1884 nobis
725 1843 788 1882 oum
800 1826 865 1891 diis,

55 1904 175 1958 alterum
187 1920 253 1958 cum.
261 1902 363 1958 belluis
375 1920 520 1958 commune
530 1913 581 1959 est.
611 1903 671 1971 Quo
683 1903 753 1959 mihi
765 1904 867 1959 rectius

54 1979 183 2044 videtur,
199 1979 321 2053 ingenii,
336 1993 419 2051 'quam
430 1979 534 2035 virium
544 1979 645 2052 opibus
655 1979 867 2054 gloriamquae-

55 2072 131 2119 rere,
147 2063 187 2120 et,
199 2055 331 2126 quonium
341 2055 398 2110 vita
409 2056 484 2128 ipsa,
499 2072 554 2126 qua
564 2054 697 2120 fruimur,
709 2054 803 2110 brevis
814 2065 864 2122 est,

53 2131 218 2188 memoriam
243 2131 329 2185 nostri
352 2148 436 2201 quum
459 2149 588 2187 maxume
615 2131 723 2205 longam
745 2130 864 2188 efficere.

51 2209 124 2262 Nam
140 2205 303 2261 divitiarum
319 2214 347 2260 et
360 2205 462 2262 formae
477 2208 564 2282 gloria
580 2205 654 2262 fluxa
665 2215 749 2280 atque
757 2206 865 2282 fragilis

52 2292 109 2351 est3
124 2282 215 2338 virtus
226 2282 300 2337 clara
310 2283 473 2354 aeternaque
483 2283 610 2340 habetur.

111 2355 169 2413 Sed
191 2356 241 2412 diu
260 2374 391 2430 magnum
409 2360 481 2414 inter
500 2359 623 2414 mortalis
644 2368 781 2414 certamen
801 2357 863 2420 fuit,

54 2434 120 2489 vine
135 2434 273 2504 corporis,
295 2452 329 2488 au
343 2435 444 2490 virtute
459 2436 544 2490 animi
564 2452 607 2490 res
627 2435 755 2490 militaris
775 2435 865 2506 magis

52 2509 227 2580 procederet.
267 2511 336 2564 Nam
346 2519 387 2574 et,
402 2511 481 2582 prius
491 2527 575 2581 quam
584 2511 716 2582 incipias,
728 2509 862 2572 consulto.

52 2595 92 2648 et,
124 2585 177 2640 uhi
201 2585 387 2650 consulueris,
419 2594 524 2640 mature
548 2584 619 2640 facto
638 2603 708 2658 opus
727 2594 778 2640 est.
825 2585 863 2638 ltu

51 2670 206 2732 utrumque
219 2677 270 2732 per
284 2678 313 2714 se
328 2661 472 2734 indigens,
495 2661 610 2715 alterum
625 2661 738 2716 alterius
759 2659 864 2714 auxilio

50 2745 125 2810 eget.

111 2811 262 2866 Suuuusu.
677 2799 700 2853 Α
