2070 3036
150 199 196 252 l22
296 205 323 252 G.
347 204 402 250 cu.
422 204 627 252 sALLttsTtt
644 203 798 252 BELLUM

201 305 365 363 LXXXVII.
390 304 446 362 Sed
460 304 577 371 Consul,
598 305 717 378 expletis
733 305 954 382 legionibusoo-

146 383 330 456 hortibusque
340 383 510 446 auxiliariis,
530 384 559 437 in
571 399 667 456 agrum
679 381 797 438 fertilem
810 395 837 440 et
849 385 950 456 praeda

145 471 276 517 onustum
287 459 484 532 proficiscitur:
504 460 598 512 omnia
608 457 648 513 ibi
659 468 738 530 capta
748 459 891 516 militibus
902 461 951 518 do-

145 546 205 594 net:
232 537 297 590 dein
318 535 429 591 castella
445 543 472 589 et
485 533 587 605 oppida
608 543 745 589 naturast
762 536 830 590 viris
851 553 951 608 parum

145 613 251 669 inunita
263 611 434 686 aggreditur:
447 610 551 681 praelia
563 610 664 674 multa,
676 619 800 666 ceterum
811 611 866 667 alia
877 613 950 669 levia

146 691 210 746 aliis
227 689 294 744 locis
315 687 413 742 lacere.
452 687 565 740 iuterim
585 687 651 740 novi
671 687 775 742 milites
791 689 854 742 sine
875 699 951 745 metu

144 781 255 840 pugnae
271 763 382 830 adesse;
404 761 513 826 videre,
538 761 677 835 fugientes
691 763 754 834 capi
773 773 822 818 aut
840 764 949 834 occidi,

145 841 335 898 fortissumum
355 855 494 911 quemque
513 839 706 893 tutissumum:
732 839 818 894 ermis
834 838 952 896 liberta-

144 925 209 982 tem,
223 918 339 988 patriam
350 923 534 988 parentesque
544 922 571 968 et
581 914 635 968 alia
645 914 738 970 omma
750 915 816 988 tegi,
829 915 950 988 gloriam
1017 985 1018 990 ἵ

145 1003 227 1065 atque
238 993 353 1047 divitias
363 991 470 1064 quaeri.
501 989 549 1044 Sic
560 989 638 1044 brevi
649 991 739 1062 spatio
749 993 814 1046 novi
826 1003 951 1048 veteres·
1017 1025 1018 1044 r

144 1085 199 1141 que
213 1069 353 1133 coaluere,
376 1076 404 1122 et
417 1067 506 1121 virtus
520 1068 644 1121 omnium
656 1067 781 1138 aequalis
793 1065 874 1122 lacta.
914 1067 951 1124 Al

143 1162 238 1219 reges,
254 1144 303 1200 ubi
314 1144 349 1198 de
360 1143 482 1197 adventu
491 1143 570 1198 illarii
581 1151 783 1215 cognoverunt,
801 1142 908 1198 diversi
920 1145 949 1199 in

147 1221 220 1277 locos
244 1219 374 1279 dilltciles
398 1218 511 1274 abeunt.
554 1220 593 1275 Ila
617 1219 646 1274 lu
669 1218 766 1274 urthee
794 1218 948 1290 placuerat,

144 1295 281 1370 sperantia
294 1313 357 1352 mox
368 1294 468 1351 ellusos
479 1295 572 1350 hostes
581 1235 677 1350 invadi
688 1311 783 1368 posse3
800 1295 947 1363 llomenos,

144 1375 227 1430 sicuti
240 1373 400 1446 plerosque,
424 1380 527 1428 remoto
543 1380 632 1436 metu,
654 1370 746 1426 laxius
760 1370 949 1445 licentiusque

145 1449 263 1507 futuros.

198 1523 372 1584 LXXXVIII.
395 1522 521 1580 Metellus
541 1521 646 1580 interea
661 1521 775 1578 Romam
794 1522 947 1596 profectus,

144 1613 237 1662 contra
248 1618 326 1675 spem
337 1618 416 1656 suam
429 1600 596 1656 laetissumis
607 1599 708 1654 animis
717 1599 871 1671 excipitur,
887 1601 949 1674 ple-

143 1680 174 1738 bi
185 1680 380 1753 patribusque,
402 1675 665 1749 postquamInvidia
676 1674 845 1740 decesserat,
869 1677 947 1734 iuxta

144 1775 235 1814 carus.
265 1755 319 1812 Sed
331 1755 433 1810 illarius
447 1753 566 1826 impigre
576 1750 782 1824 prudenterque
792 1769 908 1808 suorum
919 1761 947 1810 et

143 1833 265 1890 hostium
277 1849 320 1888 res
330 1832 433 1903 pariter
443 1827 595 1893 attendere;
619 1844 798 1902 cognoscere,
814 1829 948 1900 quidbo-
1003 1823 1017 1868 ’κ

143 1911 173 1964 ni
185 1912 310 1982 utrisque
321 1918 368 1963 aut
377 1914 470 1962 contra
480 1913 565 1970 esset;
574 1904 717 1976 explorare
727 1905 827 1961 itinera
835 1922 944 1979 regunt,
1016 1903 1017 1929 ¹

143 1987 259 2041 consilia
270 1994 297 2041 et
307 1984 425 2040 iusidias
440 1999 534 2037 eorum
545 1982 717 2036 antevenire:
738 1981 809 2036 nihil
826 1980 901 2055 apud
915 1999 947 2038 se

142 2063 305 2127 remissum,
328 2075 417 2133 neque
433 2058 507 2129 apud
521 2057 584 2113 illos
600 2066 688 2112 tutum
704 2058 770 2129 peti.
809 2057 904 2128 Itaque
920 2066 947 2116 et

143 2136 273 2195 Gaetulos
292 2144 319 2194 et
335 2133 511 2212 Iugurtham,
539 2151 575 2190 ex
588 2134 673 2191 sociis
693 2132 793 2189 nostris
813 2133 946 2206 praedam

144 2224 270 2287 agentes,
292 2230 375 2285 saepe
386 2228 533 2288 aggressus
544 2211 573 2265 in
583 2211 682 2266 itinere
693 2209 814 2272 luderet,
836 2210 947 2281 ipsum·

143 2305 198 2362 que
213 2307 307 2364 regem
323 2290 396 2346 haud
412 2288 508 2361 procul
524 2287 559 2342 ab
573 2286 677 2359 oppido
691 2286 764 2342 (litte
779 2285 863 2341 ermis
875 2302 947 2342 exu-

143 2373 210 2421 erat.
250 2365 326 2433 Quae
340 2374 487 2438 postquem
503 2364 624 2437 gloriosa
641 2362 735 2426 modo,
765 2377 856 2432 neque
875 2361 946 2419 belli
1015 2357 1016 2392 ³

143 2440 269 2517 patrandi
281 2444 423 2513 cognovit,
443 2441 539 2495 statuit
549 2439 647 2502 urbes.
666 2437 946 2510 quaevirisautloco
1013 2475 1014 2480 κ

143 2535 194 2593 pro
204 2514 340 2578 hostibus,
351 2524 378 2569 et
389 2515 537 2571 adversum
544 2531 575 2570 se
584 2514 844 2586 opportunissumae
855 2523 944 2582 erent,

143 2591 269 2668 singulae
288 2589 505 2646 circumvenire:
535 2591 574 2644 ita
596 2598 685 2654 retus,
716 2589 877 2663 iugurtham
897 2600 946 2647 aut

143 2665 291 2742 praesidiis
306 2661 439 2716 nudatum
456 2664 506 2727 iri,
527 2664 552 2719 si
563 2681 595 2719 ea
605 2673 759 2735 pateretur,
782 2674 829 2720 aut
838 2667 946 2737 praelio

143 2752 320 2799 certaturum.
359 2733 428 2788 Nam
448 2737 571 2791 Bocchus
590 2740 706 2794 nuncios
726 2740 761 2795 ad
781 2757 846 2796 enm
860 2757 945 2816 saepe

240 2919 403 3006 A
