2070 3036
215 225 503 272 IUGURTHINUM.
524 226 602 272 cAP.
622 221 658 272 ll.
676 227 711 272 50.
846 221 875 274 bl

54 339 101 382 tes
120 327 264 392 hortatus,
286 329 388 393 aciem,
413 327 496 383 sicuti
510 329 691 392 instruxerat,
713 330 879 386 transversis

55 403 217 475 principiis
228 404 258 457 in
268 403 382 474 planum
393 401 517 458 deducit.

120 553 156 608 L.
172 552 229 608 Sed
239 556 289 608 ubi
298 552 434 609 Numidas
444 554 567 627 quietos,
583 553 753 626 neque-colle
764 554 879 628 degredi

59 629 279 694 animadvertit,
308 631 427 694 veritus,
456 631 576 686 exenni
596 640 718 702 tempore
738 639 766 684 et
785 631 879 702 inopia

60 722 170 778 aquae,
192 705 283 760 nesiti
294 705 474 761 conficeretur
484 707 636 771 exercitus,
655 705 790 760 Rutilium
802 705 880 779 lega-

59 792 124 837 tum
136 798 203 836 cum
214 781 353 854 expeditis
367 776 527 837 cohortibus
537 791 565 837 et
573 790 651 855 parte
662 782 788 854 equitum
798 799 880 853 prae-

60 858 145 913 misit
156 857 192 912 ad
203 855 320 923 flumen,
342 858 383 913 uti
397 858 488 914 locum
502 859 599 913 castris
610 866 796 929 antecaperet,
818 860 879 913 exi·
914 926 916 928 Ι

60 943 208 999 stumans,
225 933 318 989 hostes
328 934 425 990 crebro
434 934 541 1006 impetu
552 942 579 990 et
588 935 754 990 transversis
764 932 878 1006 praeliis
916 929 918 940 ¹

59 1013 117 1065 iter
127 1025 213 1064 suum
224 1017 419 1076 remoraturos,
435 1019 462 1065 et
472 1011 604 1083 quoniam
613 1011 698 1066 armis
709 1008 876 1076 diffiderent,

62 1085 263 1141 lassitudinem
284 1094 310 1141 et
328 1086 405 1141 sitim
425 1086 547 1142 militum
569 1094 731 1143 tentaturos.
773 1085 879 1142 Deinde

62 1165 127 1234 ipse
148 1178 200 1234 pro
219 1179 248 1218 re
267 1169 350 1234 atque
370 1162 443 1227 loco,
472 1162 556 1218 sicuti
576 1172 667 1218 monte
687 1162 877 1229 descenderat,

62 1235 212 1310 paullatim
222 1237 382 1309 procedere:
409 1239 526 1294 Marium
537 1246 599 1310 post
611 1240 750 1313 principia
759 1239 877 1295 habere:

65 1317 129 1386 ipse
139 1329 205 1368 cum
215 1313 344 1368 sinistrae
355 1313 414 1368 alae
425 1314 568 1387 equitibus
579 1332 653 1382 esse,
669 1316 719 1388 qui
728 1316 758 1373 in
767 1317 878 1390 agmine

63 1389 210 1462 principes
232 1387 296 1444 lacti
310 1399 396 1446 erant.
436 1391 470 1446 At
483 1391 629 1466 Iugurtha,
654 1391 704 1447 ubi
723 1400 877 1449 extremum

65 1483 168 1540 agmen
192 1464 295 1521 Metelli
319 1466 424 1540 primos
447 1484 512 1522 suos
535 1477 771 1540 praetergressum
789 1467 876 1532 videt,

64 1539 208 1614 praesidio
221 1540 302 1612 quasi
316 1541 404 1596 duum
418 1542 541 1598 millium
555 1542 682 1613 peditum
697 1552 817 1600 montem
831 1559 879 1598 oo-

64 1625 164 1690 cupat,
181 1633 236 1689 qua
247 1617 373 1673 Metellus
383 1616 576 1682 descenderat,
589 1633 624 1672 ne
634 1617 702 1674 forta
713 1618 878 1674 cedentibus

65 1693 234 1750 adversariis
245 1694 381 1766 receptui,
399 1711 431 1748 aa
441 1702 503 1766 post
513 1693 685 1749 munimento
699 1692 780 1763 loret;
797 1694 879 1750 dein·

64 1771 101 1826 de
115 1776 228 1840 repente
243 1769 324 1842 signo
338 1769 401 1824 dato
417 1768 509 1825 hostes
523 1768 642 1824 invadit.
681 1769 818 1825 Numidae
829 1769 877 1825 alii

65 1855 221 1919 postremos
229 1845 357 1914 caedere,
381 1862 444 1916 pars
455 1863 469 1900 a
480 1844 592 1900 sinistra
607 1861 639 1900 ac
651 1844 748 1900 dextra
757 1853 876 1914 tentare3

67 1921 170 1977 infensi
189 1919 300 1985 adesse,
322 1921 425 1976 instare
440 1929 522 1993 atque
541 1921 672 1976 omnibus
690 1921 759 1976 locis
779 1922 878 1977 Roma-

67 2013 165 2054 norum
175 1996 286 2052 ordines
297 1997 474 2066 conturbare;
491 2013 610 2069 quorum
620 1997 704 2053 etiarn
714 1997 764 2068 qui
774 1995 879 2053 firmio-

66 2073 146 2129 ribus
158 2072 258 2128 animis
268 2072 346 2128 obvii
357 2071 484 2128 hostibus
494 2071 613 2138 luerent,
629 2071 764 2129 ludificati
773 2073 879 2128 incerto

67 2147 186 2221 praelio,
204 2147 260 2220 ipsi
270 2146 352 2204 modo
363 2149 473 2204 eminus
483 2148 693 2213 sauciabantur,
710 2164 802 2220 neque
812 2164 879 2204 con·
908 2157 913 2162 ’

68 2235 109 2280 tra
124 2222 243 2280 feriundi
261 2232 310 2280 aut
322 2241 435 2280 manum
450 2224 613 2280 conserendi
628 2223 706 2296 copia
723 2231 794 2279 erat:
816 2234 879 2296 anta

70 2302 125 2356 iam
135 2299 207 2355 docti
220 2299 254 2355 ah
263 2300 397 2374 Iugurtha
406 2301 525 2372 equites,
538 2300 588 2355 ubi
594 2301 779 2355 Romanorum
789 2307 879 2355 turma

69 2376 178 2448 insequi
190 2382 330 2448 coeperat,
352 2393 407 2431 non
420 2374 565 2432 confertim
579 2392 670 2448 neque
679 2375 708 2430 in
720 2391 807 2430 unum
817 2393 879 2430 sese

70 2450 252 2524 recipiebant,
278 2451 329 2508 sad
348 2451 420 2507 alius
439 2451 494 2506 alio
509 2469 593 2522 quam
613 2468 743 2508 maxume
761 2449 877 2508 diversi.

70 2529 122 2593 lta,
139 2543 252 2582 numero
261 2529 381 2599 priores,
401 2527 425 2581 si
436 2527 470 2582 ab
481 2527 674 2598 persequendo
684 2527 777 2585 hostes
787 2526 879 2582 deter-

71 2621 130 2659 rere
139 2602 334 2675 nequiverant,
347 2602 478 2659 disiectos
490 2603 524 2657 ab
535 2609 611 2676 tergo
623 2613 669 2660 aut
680 2603 812 2658 lateribus
824 2603 878 2657 cir·

71 2677 295 2736 cumveniebant:
318 2681 362 2733 sin
380 2678 561 2751 opportunior
580 2677 663 2753 fugae
678 2679 772 2744 collis,
794 2695 876 2750 quarn

71 2755 171 2831 campi,
192 2753 294 2820 luerat,
315 2762 347 2810 eh
357 2772 421 2814 vero
430 2753 556 2812 consueti
566 2755 750 2813 Numidarum
760 2755 825 2828 oqui
837 2753 873 2810 la·
