2070 3036
138 211 186 266 too
287 217 315 265 c.
340 216 396 264 cm
416 215 621 265 sennus'rrr
639 217 793 263 nannum

136 318 191 375 diis
211 325 258 375 ant
276 335 327 376 sno
343 318 416 384 loco,
436 335 560 393 pugnam
573 317 676 383 lacere,
699 328 726 373 et
740 319 796 373 iam
815 329 952 378 aestatem

135 403 258 450 exactam
276 413 350 460 esse,
372 395 407 450 ab
421 395 502 450 Zama
517 394 651 459 discedit,
671 395 741 450 etin
755 394 801 449 his
816 394 950 461 urbibus,

135 487 206 544 quae
226 471 261 526 ad
279 489 310 527 se
329 469 500 536 defecerant,
533 471 658 544 satisque
676 471 800 526 munitae
821 471 883 528 loco
904 483 954 528 aut

135 547 282 604 moenibus
296 555 385 612 erant,
406 545 545 619 praesidia
559 546 687 618 imponit.
727 545 856 602 Ceterum
868 565 954 604 exer·

135 623 222 679 citum
236 624 266 678 in
281 622 467 697 provinciam,
488 639 560 696 quaa
579 638 714 695 proxuma
729 630 771 676 est
785 623 952 689 Numidiae,

135 698 279 755 hiemandi
291 699 379 773 gratia
391 697 516 754 collocat.
556 699 652 769 Neque
666 697 696 752 id
709 705 820 769 tempus
832 717 868 754 ex
879 701 955 756 alio-

136 793 197 830 rum
208 793 284 830 more
294 775 382 846 quieti
393 781 440 829 aut
450 773 578 829 luxuriae
588 773 729 829 concedit:
741 773 801 838 sed,
813 777 955 846 qnoniam

136 843 220 908 armis
240 849 347 906 bellum
365 867 464 922 parurn
483 848 663 922 procedebat,
690 848 808 904 insidias
823 853 885 925 regi
903 869 957 925 per

136 928 239 984 amicos
250 926 376 991 tendere,
398 934 425 980 et
440 942 535 981 eorum
549 925 666 999 perfidia
680 942 730 998 pro
746 925 831 980 armis
844 928 889 982 uti
901 945 958 1000 pa·

136 1011 187 1060 rat,
226 1003 314 1077 Igitur
327 1002 520 1067 Bomilcarem,
546 1002 597 1074 qui
610 1001 712 1057 Romae
733 1015 796 1056 cum
813 1002 957 1078 lugurtlra

136 1079 225 1135 luerat
240 1078 346 1136 atinde
360 1077 480 1134 vadibus
496 1077 567 1133 datis
582 1075 653 1132 clam
673 1076 708 1132 dc
722 1077 860 1134 Massivae
883 1096 958 1136 nece

135 1155 273 1211 indicium
287 1153 408 1228 ingerat,
430 1153 505 1226 quod
521 1153 548 1209 ei
561 1170 612 1227 per
624 1169 783 1208 maxumam
795 1153 957 1210 amicitiam

138 1247 267 1287 maxuma
278 1231 358 1303 copia
368 1227 485 1285 fallendi
497 1238 567 1295 erat,
586 1229 683 1284 multia
696 1228 957 1300 pollicitationibus
1018 1243 1019 1252 ¹

136 1306 308 1382 aggreditur3
337 1323 368 1360 ac
382 1307 474 1378 primo
489 1305 587 1370 eflicit,
610 1305 652 1360 uti
672 1305 707 1360 ad
725 1322 756 1360 aa
770 1305 958 1378 colloquendi

136 1383 223 1459 gratia
234 1381 358 1438 occultus
367 1382 475 1437 veniat:
487 1380 588 1438 deinde
599 1379 654 1435 lide
665 1380 737 1446 data,
750 1381 775 1436 si
785 1382 957 1512 luqurtham

138 1461 233 1516 vivum
245 1466 292 1513 aut
301 1466 429 1522 necatum
440 1457 495 1514 sibi
505 1457 674 1522 tradidisset,
682 1455 752 1534 lore,
765 1457 815 1514 uti
829 1457 850 1512 li
861 1456 958 1514 Sena·

137 1545 181 1592 tus
193 1534 385 1608 impunitatem
398 1541 425 1590 et
435 1552 485 1590 sua
495 1533 587 1591 emnia
598 1532 773 1598 concederet,
796 1531 879 1589 facile
891 1536 957 1590 Nu-

136 1612 228 1669 midae
238 1610 397 1685 persuadet,
408 1627 496 1686 quum
506 1612 535 1665 in
557 1611 619 1666 enio
629 1607 791 1674 infido,tum
801 1611 954 1676 metuenti,

137 1705 186 1755 ne,
208 1689 232 1744 si
247 1705 304 1761 pax
318 1704 381 1744 cum
392 1687 523 1744 Romanis
536 1627 633 1751 Nerets
646 1686 707 1758 ipse
716 1701 766 1758 per
775 1683 955 1742 conditiones

137 1763 171 1819 ad
182 1765 355 1839 supplicium
366 1762 528 1820 traderetur.
864 1803 869 1814 .
1017 1763 1018 1822 3

191 1841 274 1897 LXII.
285 1842 321 1906 ls,
334 1839 385 1895 ubi
394 1840 517 1912 primum
523 1846 707 1911 opportunum
717 1835 955 1910 init,lugurtham
1017 1824 1018 1895 l

137 1917 252 1972 anxium
267 1934 298 1972 ac
312 1916 490 1971 miserantem
505 1913 627 1968 fortunas
641 1930 705 1968 snas
715 1911 834 1980 accedit3
856 1923 957 1971 monet

138 1999 220 2063 atque
231 1991 388 2048 lacrumans
398 1990 564 2054 obtestatur,
585 1990 627 2044 nti
643 1984 792 2060 aliquando
806 1987 863 2044 sibi
877 1988 956 2047 libe-

139 2069 234 2140 risque
245 2076 272 2124 et
282 2068 359 2143 genti
370 2064 568 2130 Numidarum,
584 2072 696 2138 optume
707 2063 837 2129 merenti,
853 2067 956 2137 provi-

138 2143 215 2200 deat:
235 2144 367 2200 omnibus
378 2141 492 2216 praeliis
503 2157 565 2196 sesa
576 2141 676 2206 victos,
692 2155 790 2214 agrum
799 2147 953 2206 vastatum,
1016 2175 1017 2178 =

137 2219 240 2276 multos
257 2219 382 2277 mortalia
396 2226 503 2292 captos,
524 2218 644 2281 occisos,
666 2214 745 2290 regni
755 2231 822 2290 opes
833 2219 955 2272 commi·

139 2304 219 2352 nutas
235 2313 310 2353 csse:
332 2296 400 2351 satis
415 2309 498 2366 saepe
512 2292 569 2348 iam
583 2301 610 2349 ct
623 2291 753 2346 virtutem
767 2290 902 2356 militum,
927 2303 955 2348 ct

140 2372 276 2430 lortunam
287 2381 432 2427 tentatam:
447 2375 552 2432 caveat,
567 2385 611 2434 ne,
623 2367 672 2423 illo
683 2373 838 2432 cunctante,
850 2367 955 2423 Numi-

141 2449 192 2506 dae
202 2447 258 2504 sibi
269 2446 423 2502 consulant.
462 2445 512 2500 llis
527 2453 608 2517 atque
622 2442 726 2500 talibus
742 2441 806 2498 aliis
821 2440 855 2497 ad
870 2441 955 2498 dedi-

141 2527 243 2583 tionem
253 2523 327 2596 regis
338 2521 462 2577 animum
473 2519 602 2592 impellit.
628 2519 774 2576 Mittuntur
784 2517 819 2574 ad
829 2518 954 2591 impera·
1015 2531 1016 2574 1

142 2613 228 2660 torem
238 2599 335 2673 legati,
350 2597 400 2670 qui
411 2594 572 2670 Iugurtham
583 2597 714 2667 imperata
725 2592 862 2648 iacturum
873 2593 954 2650 dice-

144 2689 216 2743 rent,
238 2693 269 2732 ac
282 2673 342 2728 sine
355 2670 413 2726 ulla
428 2672 555 2742 pactione
569 2687 630 2725 sese
643 2684 816 2740 regnumque
827 2686 910 2725 suum
923 2672 952 2726 in

16 2737 17 2826 l
144 2755 221 2815 illius
236 2749 315 2810 fidam
331 2745 449 2804 tradere.
488 2745 616 2802 Metellus
633 2758 751 2815 propere
768 2753 882 2800 cunctos
901 2745 954 2802 Se-

17 2837 18 2860 l
99 2835 116 2861 ᾤ’

17 2867 19 2913 ³
71 2873 158 2994 ...ζ
488 2926 603 2998 ιι,
