2058 3032
126 169 130 189 '
157 183 189 236 26
360 183 390 230 c.
410 186 539 232 cnrsrr
559 185 762 232 ssuuusru

157 296 279 360 tempora
290 287 461 362 quicumque
470 286 671 359 rempublicam
682 287 979 362 agitavere,honestis

156 363 327 429 nominibus,
345 361 403 430 alii,
418 362 502 418 sicuti
512 363 573 418 iura
584 362 681 436 populi
692 362 884 430 defenderent,
898 383 977 438 pars,

156 438 978 514 qucSenatiauctoritasmaxumafcret‚bocumpublicum

156 515 334 581 simulantes,
355 531 405 588 pro
419 532 470 570 sua
484 515 736 588 quisquepotentia
746 515 903 587 certabant;
926 535 979 574 ne·

157 608 212 666 qus
234 591 293 650 illis
313 591 447 648 modestia
466 607 557 663 neque
577 590 676 648 modus
696 593 881 649 contentionis
901 602 977 649 erat·

158 669 269 742 utrique
279 667 425 724 victoriam
435 666 586 724 crudeliter
599 665 775 734 exercebant.

213 743 345 802 XXXIX.
366 741 422 800 Sed
434 752 581 816 postquam
595 743 646 801 Cn.
658 743 806 816 Pompeius
817 742 854 800 ad
865 742 979 800 bellum

158 820 328 878 maritimum
347 826 429 892 aupue
443 819 663 878 Mithridaticum
676 819 779 876 missus
798 828 855 885 est,
881 819 979 890 plebis

157 909 224 970 opes
234 894 410 961 imminutae,
431 913 583 968 paucorum
595 895 718 968 petentia
729 895 830 952 crevit.
867 895 905 950 lli
916 913 979 952 ma-

157 975 303 1047 gistratus,
320 971 493 1045 provincias,
513 971 842 1044 aliaqueomniatenere:
863 971 922 1044 ipsi
932 973 979 1028 in·

158 1047 249 1114 noxii,
266 1045 407 1112 llorentes,
424 1048 484 1104 sine
495 1057 570 1104 motu
580 1056 695 1106 aetatem
706 1065 801 1123 agere,
813 1055 980 1120 ceterosque

158 1122 274 1180 iudiciis
283 1132 400 1188 terrere,
419 1124 470 1196 qui
484 1123 596 1197 plebem
612 1125 641 1180 in
657 1126 820 1200 magistratu
834 1123 979 1197 placidius

158 1207 314 1258 tractarent.
354 1197 410 1256 Sed
428 1200 477 1257 ubi
492 1200 614 1272 primum
629 1199 724 1257 dubiis
738 1200 822 1257 rebus
837 1199 978 1257 novandis

159 1293 223 1350 spes
238 1275 330 1332 oblatu
345 1283 400 1342 est,
422 1282 503 1331 vetus
518 1285 655 1332 certamen
671 1277 778 1333 animus
792 1293 886 1332 eorum
901 1293 980 1332 arre-

159 1353 211 1410 xit.
250 1349 355 1418 Quodsi
370 1351 460 1423 prime
475 1351 580 1424 proelio
593 1351 712 1408 Catilina
726 1354 854 1426 superior
868 1362 917 1409 aut
930 1370 978 1409 ae-

158 1445 213 1503 qua
224 1443 307 1484 manu
319 1426 509 1493 discessisset,
530 1426 652 1501 proiecto
666 1445 767 1504 magna
782 1428 877 1485 clades
892 1437 979 1502 atque

159 1504 300 1562 calamitas
311 1503 513 1576 rempublicam
523 1506 721 1578 oppressisset,
736 1522 828 1578 neque
837 1505 911 1570 illis,
925 1506 977 1577 qui

159 1579 303 1638 victoriam
315 1579 408 1652 adepti
420 1579 522 1647 serent,
538 1581 646 1638 diutius
657 1599 689 1638 ea
699 1582 740 1638 uti
752 1582 892 1648 licuisset,
906 1581 978 1654 quin

159 1656 278 1714 defessis
294 1665 321 1714 et
335 1657 539 1733 exsanguibus,
560 1659 609 1731 qui
623 1658 687 1731 plus
697 1665 804 1731 posset,
826 1658 977 1730 imperium

160 1743 242 1808 atque
262 1733 418 1794 libertatem
439 1743 624 1807 extorqueret.
674 1735 761 1790 Fuere
784 1741 876 1790 tamen
899 1745 978 1790 extra

160 1811 377 1868 coniurationem
401 1812 572 1882 complures,
601 1809 651 1880 qui
675 1808 710 1866 ad
730 1808 877 1884 Catilinam
897 1811 979 1868 initio

159 1885 277 1962 proiecti
295 1894 374 1956 sunt;
399 1888 428 1942 in
448 1885 494 1940 bis
513 1884 547 1941 Α.
568 1884 698 1950 Fulvius,
724 1883 864 1941 Senatoris
884 1885 975 1956 filius,

160 1979 244 2036 quem
255 1971 402 2037 retrpctum
413 1979 448 2018 ex
458 1961 571 2026 itinere,
587 1975 687 2033 parens
698 1961 791 2018 necari
802 1962 894 2018 iussit.
924 1963 978 2018 lis-
1022 1995 1023 2026 i

160 2037 224 2094 dem
250 2038 421 2111 temporibus
447 2037 549 2092 Romae
571 2036 719 2104 Lentulus,
751 2038 836 2094 sicuti
858 2037 978 2096 Catilina
1022 2103 1023 2108 η

160 2124 352 2188 praeceperat,
373 2128 565 2188 quoscumque
580 2112 705 2170 moribus
715 2113 879 2172 autfertum
896 2116 978 2172 novis

160 2189 245 2248 rebus
256 2189 371 2247 idoneos
381 2189 524 2255 credebat,
542 2198 589 2246 aut
599 2206 649 2263 per
658 2207 703 2256 se,
721 2199 768 2247 aut
777 2207 827 2264 per
836 2189 907 2248 alios
919 2191 978 2248 sol-

161 2265 300 2336 licitabat;
323 2281 414 2339 neque
427 2265 517 2321 selum
531 2265 621 2330 cives,
642 2265 693 2322 sed
703 2266 916 2339 cuiusquemodi
927 2285 979 2342 ge-

161 2359 215 2399 nus
225 2339 381 2408 hominum,
396 2340 470 2414 qued
481 2341 562 2397 modo
571 2341 646 2398 belle
656 2343 721 2399 usui
731 2341 811 2398 leret.

216 2417 276 2476 XL.
297 2418 385 2492 igitur
394 2418 425 2473 P.
436 2417 575 2474 Umbreno
584 2417 695 2476 cuidam
706 2418 848 2494 negotium
857 2417 917 2484 dat,
934 2423 975 2476 uti

163 2493 267 2570 legates
278 2492 459 2569 Allobrogum
470 2495 606 2567 requirat,
627 2511 744 2567 eosque,
765 2495 790 2550 si
799 2495 901 2567 possit,
921 2494 977 2552 im-

165 2571 250 2646 pellat
264 2569 299 2628 ad
313 2571 472 2628 societatem
482 2570 564 2636 balli,
588 2571 774 2636 existumans,
795 2570 976 2644 publicepri·

165 2649 378 2723 vatimqueaare
389 2647 649 2721 alisneoppresses,
670 2655 825 2718 praeterea,
842 2646 974 2718 quodna-

166 2735 227 2784 tura
242 2743 309 2803 gens
323 2723 428 2782 Gallica
443 2724 577 2780 bellicosa
595 2728 680 2778 esset·
713 2721 794 2776 facile
813 2738 860 2778 ees
874 2721 908 2778 ad
921 2724 974 2780 tale
