2058 3032
263 179 460 228 canterat.
478 169 557 227 cnrss
579 181 684 226 15-17.
848 171 874 222 tt

56 279 167 346 festus,
183 297 274 352 neque
284 280 393 354 vigiliis
402 297 493 356 neque
503 281 646 354 quietibus
656 279 747 350 sedani
757 286 876 350 poterat:

55 357 96 411 ita
109 357 283 414 conscientia
299 365 419 418 mentem
434 361 554 426 excitam
563 356 692 416 vexabat.
728 355 818 428 Igitur
830 371 879 418 eo·

57 432 100 486 los
117 434 287 507 exsanguis,
304 431 378 489 foedi
387 434 476 500 oculi,
494 435 566 503 citns
577 433 671 498 modo,
689 427 769 494 modo
780 428 878 487 tardus

55 509 206 578 incessus;
228 526 340 580 prorsus
355 509 385 563 in
400 508 471 578 iacis
487 511 624 581 vultuque
639 505 768 563 vecordia
779 505 877 562 inerat.

117 585 205 661 xvl,
218 583 272 640 Sed
284 586 471 652 iuventutem,
487 602 585 658 quan,
603 587 634 652 ut
646 580 875 658 supradiximus,

55 660 208 725 illexerat,
229 661 323 715 multis
339 660 429 730 medis
443 662 514 717 mala
526 661 647 726 facinora
656 657 796 728 erinnebat.
835 655 878 712 Ex

56 735 120 792 illis
139 743 225 791 testes
240 737 449 810 signatoresque
468 737 552 796 falsos
573 736 760 802 commodare,
782 730 875 796 fidem·

57 809 203 877 fortunas,
224 811 348 884 pericula
358 813 426 879 vilia
436 812 552 882 habere;
574 821 650 886 post,
671 806 878 874 ubieorumfa-

57 905 138 946 mam
150 895 232 959 atque
242 888 376 961 panderem
387 887 550 953 adtriverat,
573 889 676 956 maiora
689 887 744 956 alia
756 885 878 960 impera-

57 964 123 1020 bat:
147 963 173 1018 si
188 980 284 1028 caussa
298 963 433 1036 peccandi
446 966 477 1022 in
490 981 622 1038 praesens
638 963 731 1034 minus
743 967 878 1036 apppete-

57 1039 123 1104 bat,
141 1039 231 1104 nihilo
241 1040 334 1107 minna
343 1041 481 1110 insontes,
501 1041 584 1099 sicuti
593 1049 701 1106 sontes,
721 1038 878 1112 circumve-

58 1115 139 1180 nire,
161 1114 302 1189 iugulare3
330 1116 451 1184 seilicet,
471 1134 506 1176 ne
523 1117 674 1190 parotium
690 1120 879 1190 torpescerent

59 1207 164 1248 manus
174 1198 221 1245 aut
230 1192 354 1260 animus,
375 1193 495 1266 gratuito
510 1194 603 1264 potius
617 1193 707 1262 malus
721 1199 804 1264 atque
814 1206 878 1244 eru-

60 1266 137 1322 delis
157 1274 224 1322 erat.
263 1268 312 1336 llis
332 1269 430 1324 amicis
450 1269 590 1344 sociisque
607 1268 728 1326 confisus
747 1265 875 1330 Catilina,

60 1341 149 1398 simul
160 1341 235 1415 quod
245 1360 291 1406 aes
302 1343 424 1401 alienum
437 1361 488 1416 per
500 1345 591 1412 omnis
602 1353 688 1400 terras
698 1344 797 1418 ingens
808 1349 887 1413 eret,¹

61 1427 89 1474 et
99 1417 177 1490 quod
187 1419 313 1490 plerique
324 1419 432 1486 Sullani
443 1421 562 1486 milites,
580 1419 685 1494 largius
695 1436 746 1481 suo
756 1419 815 1482 usi,
832 1434 877 1473 ra-

61 1494 194 1566 pinarum
204 1502 232 1550 et
241 1495 373 1560 victoriae
387 1497 489 1558 ueteris
503 1511 653 1562 memores,
676 1495 760 1552 civile
770 1492 876 1552 bellum

61 1568 244 1642 exoptabant3
265 1570 467 1644 opprimundae
481 1571 654 1644 reipublicae
668 1572 818 1630 consilium
830 1585 877 1624 ca-

59 1647 115 1720 pit.
155 1647 185 1700 ln
196 1645 274 1701 Italia
284 1646 378 1703 nullus
389 1647 541 1702 exercitus:
564 1646 614 1703 Cn.
624 1648 773 1720 Pompeius
786 1647 816 1700 in
827 1661 877 1699 ex-

60 1721 159 1778 tremis
174 1721 254 1776 terris
267 1721 374 1779 bellum
383 1722 509 1796 gerebat:
530 1721 587 1795 ipsi
596 1723 770 1779 consulatum
779 1729 877 1794 peten-

61 1798 93 1853 di
109 1813 209 1870 magna
223 1813 300 1870 spes:
329 1797 447 1866 Senatus
467 1797 539 1856 nibil
559 1816 625 1858 sane
643 1799 780 1856 intentus:
801 1803 876 1852 tutae

61 1872 284 2005 ganguillaeque
299 1891 343 1932 res
357 1892 467 1944 omnes-3
489 1874 539 1932 sed
554 1892 585 1932 ea
599 1891 713 1948 prorsus
722 1881 876 1950 opportuna

86 1949 122 2004 ati
135 1951 207 2014 ipae.

119 2025 203 2092 XVII.
223 2024 312 2098 Igitur
322 2025 432 2081 circiter
441 2025 580 2082 Kalendas
592 2027 700 2093 lunias,
715 2027 748 2083 l..
759 2026 874 2086 Caesare

63 2111 90 2156 et
105 2100 135 2156 C.
146 2098 245 2174 Figulo
260 2099 443 2168 Consulibus,
463 2102 554 2176 primo
571 2102 698 2176 singulos
717 2103 871 2177 appellare;

63 2177 165 2233 hortari
185 2175 268 2241 alios,
290 2175 359 2232 alios
378 2184 495 2235 tentare:
521 2195 588 2251 opes
608 2195 686 2244 suas,
711 2179 874 2252 imparatam

65 2251 278 2325 rempublicam,
300 2268 400 2326 magna
412 2255 536 2324 praemia
549 2255 748 2312 coniurationis
763 2255 872 2315 decere.

65 2329 116 2387 Ubi
127 2328 193 2386 satis
204 2327 345 2400 explorata
354 2337 432 2396 sunt,
448 2347 520 2402 quae
532 2329 633 2394 voluit,
646 2330 675 2398 in
685 2348 773 2389 unum
782 2335 874 2389 omnis

65 2412 206 2469 convasat,
224 2402 331 2475 ,quibus
346 2421 476 2463 maxuma
489 2405 665 2464 necessitudo
679 2415 706 2464 et
718 2407 873 2480 plurimum

68 2480 194 2545 andaciae
209 2479 307 2534 inerat.
346 2481 386 2550 Eo
401 2497 554 2537 convenere
568 2479 704 2538 Senatorii
719 2482 826 2546 ordinis
840 2483 871 2540 P.

67 2555 195 2614 lentulus
209 2553 293 2620 Sura,
314 2555 345 2612 P.
360 2554 524 2621 Autronius,
543 2558 576 2612 L.
593 2557 705 2615 Cassius
718 2559 871 2632 Longinus,

68 2631 95 2687 C.
111 2631 261 2702 Cethegus,
286 2630 317 2694 Ρ.
333 2639 360 2685 et
374 2629 489 2692 Servius
503 2631 611 2700 Sullae,
641 2633 733 2696 Servii
746 2633 812 2698 lilii,
839 2634 871 2688 L.

67 2706 260 2781 Vargunteius,
281 2704 314 2772 Q.
330 2705 451 2772 Annius,
472 2709 510 2765 lli.
526 2708 639 2766 Porcius
654 2711 754 2775 baeca,
776 2710 808 2764 L.
822 2709 874 2764 lie·
