2070 3036
162 223 196 274 92
317 227 344 269 (ἶ.
365 226 421 272 ΟΒ.
443 224 648 272 SALLUSTH
666 223 821 268 BELLUM

162 327 216 382 cilc
224 327 297 383 inter
305 327 427 400 virgulto
438 324 569 394 evadere
590 332 696 380 nostros
710 325 848 397 asperitas
861 337 890 382 et
902 344 981 382 ruso

165 403 248 459 lentie
260 402 314 458 loci
324 401 470 458 retinebat.
1020 431 1021 458 ι

221 479 265 533 LI.
286 477 414 535 Ceterum
429 477 513 532 tocies
527 477 613 531 totius
627 475 732 549 negotii
745 477 838 542 varia,
860 477 979 541 incerto,
1020 475 1021 478 ’

163 554 242 610 foede
254 563 338 627 etque
347 552 529 610 miserabilis:
551 550 768 623 dispersinsuis
783 568 850 623 pers
865 553 979 618 cedere,

163 631 213 686 olii
228 631 353 703 insequi;
376 646 469 700 neque
481 629 562 701 signa
576 644 667 699 neque
681 626 794 681 ordines
811 627 978 698 observere;

164 707 214 762 ubi
223 721 364 779 quemque
373 703 531 778 periculum
541 711 664 775 ceperat,
679 701 721 756 ibi
732 703 862 760 resistcre
873 722 907 760 ac
914 723 982 778 pro-

163 783 289 854 pulsorc;
303 781 459 845 armetcln,
467 779 542 851 equi,
555 779 620 843 viri,
632 777 725 834 hostes
736 786 819 849 etque
830 781 983 854 civesper-

164 859 260 926 mirti;
280 857 353 913 nihil
367 855 484 912 consilio
499 871 590 926 neque
603 854 721 926 imperio
735 855 794 928 agi:
817 854 875 912 fors
885 860 983 912 omnin

164 949 271 1007 regere.
294 932 518 1006 linquemultum
528 931 585 985 dici
595 939 778 1003 processerat,
793 947 883 1003 quum
895 934 982 990 etiem
1022 941 1023 976 ³

165 1019 224 1064 tum
239 1017 355 1065 eventus
370 1009 399 1064 in
413 1009 518 1064 incerto
537 1015 605 1062 crat.
645 1007 770 1080 Denique
787 1007 922 1064 omnibus
940 1009 985 1065 ls-

164 1086 231 1141 bcre
241 1092 269 1140 ct
279 1093 357 1140 aestu
367 1083 523 1157 languidis,
543 1081 671 1139 Metellus
685 1081 736 1138 ubi
750 1081 829 1140 videt
841 1084 983 1142 Numidas

165 1161 258 1216 minus
268 1161 384 1225 instare.
409 1159 554 1232 paullatim
570 1159 673 1214 milites
687 1159 717 1214 in
731 1175 819 1216 unum
834 1159 983 1228 conducit,

165 1236 277 1292 ordines
291 1236 413 1308 restitnit
426 1244 454 1291 et
467 1235 593 1292 cohortes
608 1235 775 1308 legionarios
789 1245 910 1307 quotuor
930 1237 985 1294 ed-

165 1329 278 1370 versum
288 1311 397 1385 pedites
412 1311 534 1367 hostium
547 1311 676 1367 collocet:
696 1327 792 1368 eorum
801 1328 904 1385 magno
914 1329 984 1386 pars

164 1386 357 1461 superioribus
372 1387 440 1443 locis
455 1387 530 1442 iesca
543 1386 714 1442 consederet.
754 1386 846 1443 Simul
860 1405 941 1446 crore
957 1399 985 1445 et

166 1465 269 1521 hortari
278 1461 396 1529 milites,
418 1462 626 1529 nedelicerent‚
647 1480 701 1518 neu
714 1471 875 1536 peterentur
885 1464 984 1522 hostes

165 1541 306 1614 fugientes
317 1541 444 1596 vincere:
459 1557 549 1612 neque
561 1539 618 1595 illis
628 1548 716 1594 castra
726 1555 800 1604 esse,
813 1556 906 1612 neque
917 1559 984 1596 mu-

165 1617 322 1672 nimcntum
332 1616 437 1682 ullum,
458 1633 514 1689 quc
529 1615 659 1674 cedentes
673 1613 830 1671 tenderent:
852 1617 883 1671 in
893 1619 983 1672 ermis

164 1695 257 1750 omnio
269 1693 332 1750 site.
373 1692 429 1749 Sed
442 1709 494 1748 nec
503 1690 635 1767 Iugurtha
650 1689 765 1763 quidem
780 1694 885 1746 interce
897 1694 984 1764 quie-

165 1779 211 1826 tus
221 1779 292 1836 eret;
314 1769 476 1834 circumire,
497 1767 615 1832 hortari,
636 1783 767 1823 renovnre
779 1767 934 1838 praelium,
955 1779 985 1823 ct

165 1846 227 1916 ipsc
237 1863 302 1902 cum
311 1844 428 1900 delectis
437 1852 541 1900 tentore
550 1842 656 1898 omnin:
673 1843 824 1904 subvenire
834 1844 912 1909 suis,
930 1843 984 1900 ho-

166 1920 257 1976 stibus
266 1921 362 1977 dubiis
373 1921 567 1990 instare:qoos
577 1916 669 1972 lirmos
681 1925 856 1992 cognoverat,
868 1919 983 1976 eminus

166 1997 317 2070 pugnando
326 1995 455 2052 retinere.

222 2073 279 2128 Lll.
303 2073 343 2128 Eo
362 2069 444 2128 modo
457 2071 529 2124 inter
544 2084 573 2122 sc
588 2065 644 2122 duc
658 2069 853 2140 imperotores,
874 2074 981 2126 summi

165 2148 236 2213 viri,
252 2147 407 2205 certabunt:
430 2145 485 2217 ipsi
494 2159 589 2214 peres.
611 2145 845 2218 ceterumopihus
856 2147 983 2220 disperi-

165 2221 231 2278 bus.
270 2223 338 2280 Nom
350 2220 460 2278 Metello
470 2219 559 2275 virtus
569 2218 690 2288 militnm
701 2230 773 2287 eret,
789 2220 866 2278 locus
878 2223 983 2280 edver-

165 2313 228 2353 sus:
240 2299 390 2371 Iugurthae
399 2297 454 2352 elio
463 2294 566 2359 omnio,
574 2305 682 2367 praeter
691 2297 804 2362 milites,
811 2309 980 2371 opportune.

165 2372 291 2443 Denique
301 2373 430 2438 Romani,
452 2371 502 2428 ubi
513 2371 694 2445 intellegunt,
715 2389 804 2443 oeque
816 2373 873 2428 sibi
882 2374 982 2444 periu-

165 2448 244 2522 gium
255 2463 330 2510 esee,
350 2463 440 2518 neque
451 2447 486 2502 eb
497 2445 575 2501 hoste
585 2448 693 2517 copiam
703 2447 849 2516 pugnandi
860 2447 937 2514 lieri,
953 2461 983 2504 et

166 2525 222 2580 iem
233 2520 289 2578 dici
297 2537 397 2590 vesper
406 2529 476 2587 erot3
490 2520 606 2574 adverso
617 2519 788 2582 colle,sicuti
798 2533 981 2596 praeceptum

166 2600 267 2664 fuerat,
279 2593 411 2652 evadunt.
451 2595 561 2648 Amisso
572 2594 644 2657 loco,
657 2593 795 2649 Numidae
806 2595 863 2654 iusi
874 2597 982 2672 lugeti-

167 2694 235 2750 que,
248 2671 328 2750 pauci
338 2668 482 2733 interierc;
498 2666 647 2737 plerosque
657 2665 791 2724 velocitas
801 2679 829 2724 ct
839 2675 918 2745 regio
928 2674 982 2730 ho.

133 2795 141 2808 .
167 2754 257 2812 stibus
270 2752 364 2825 ignore
379 2753 464 2800 tutata
482 2748 557 2796 sunt.
596 2739 701 2790 Interen
723 2741 872 2812 Bomilcar,
894 2766 979 2822 quem
