2086 3042
155 227 202 280 tot
351 233 377 278 u.
403 231 528 277 cursor
551 231 757 278 senuusrrrr

151 335 296 392 servitium
312 335 469 401 interesset;
493 333 588 388 multis
604 331 673 387 mihi
688 330 883 388 disserendum
895 333 959 398 fuit,

151 410 377 482 docendumque,
398 426 468 480 quas
481 409 518 464 ob
533 408 651 463 iniurias
666 417 694 464 et
708 410 836 480 quotiens
846 427 861 464 a
871 413 963 482 patri·
1037 423 1038 444 l

151 487 206 542 bus
216 493 318 542 armata
329 485 427 558 plebes
440 485 613 549 secessisset,
630 485 726 557 utique
738 484 865 541 vindices
876 503 959 558 pars·

153 563 239 618 visset
248 564 339 617 omnis
350 561 420 616 iuris
431 561 476 616 sui
487 560 614 616 tribunos
624 560 727 632 plebis.
762 561 844 616 Nunc
855 561 958 618 hortari
1037 600 1038 618 t

152 638 232 694 modo
243 639 382 710 reliquum
394 645 444 698 est,
456 644 483 691 et
493 636 534 692 ire
544 637 666 708 primum
677 636 731 701 vin,
741 653 795 708 que
805 653 960 709 capessuri·
1037 677 1038 680 ,

152 714 215 770 dam
226 714 343 770 arbitror
354 712 519 768 libertatem.
550 713 646 783 Neque
656 729 700 766 me
708 713 853 783 praeterit,
866 729 961 785 quun-

151 799 193 845 tes
202 807 269 862 opes
280 789 434 845 nobilitatis
444 787 530 852 solus,
543 787 689 859 impotens,
703 788 780 843 inani
791 790 886 860 specie
897 806 960 844 ms-

150 867 297 940 gistratus,
314 865 418 936 pellere
428 863 774 934 dominatione'inoipiam3
796 871 958 937 quantoque

150 942 238 996 tutius
254 941 336 996 lectio
351 940 497 995 noxiorum
518 947 594 1012 agat,
616 954 699 1011 quam
715 938 767 993 soli
784 940 959 996 innocentes.

150 1015 205 1071 Sed
215 1025 323 1089 praeter
333 1033 412 1086 spem
422 1015 523 1070 bonam
532 1032 567 1070 ex
578 1014 667 1078 vobis,
683 1023 864 1086 quaemetum
876 1017 957 1082 vicit,
1037 1035 1038 1046 ¹

149 1094 247 1156 statui,
269 1093 429 1148 certaminis
443 1091 560 1147 adversa
573 1106 623 1162 pro
639 1089 765 1146 libertate
778 1092 885 1162 potiora
895 1109 959 1148 esse

152 1169 213 1224 lorti
224 1170 298 1232 viro,
312 1185 396 1239 quam
407 1167 519 1222 omnino
531 1183 585 1222 non
596 1166 756 1222 certavisse.
782 1163 958 1239 Quamquam

149 1261 245 1300 omnes
256 1244 314 1308 alii,
322 1243 405 1298 creati
417 1260 466 1316 pro
477 1245 538 1298 iure
548 1249 648 1306 vostro,
656 1243 715 1297 vim
726 1252 854 1298 cunctam
865 1253 892 1298 et
902 1245 959 1298 im-

149 1322 226 1392 peria
241 1337 291 1374 sue
306 1319 394 1392 gratis
409 1327 456 1374 aut
470 1335 520 1390 spe
536 1325 583 1372 aut
593 1317 727 1390 praemiis
737 1319 767 1372 in
778 1334 828 1373 vos
839 1336 959 1375 conver·

151 1400 219 1461 tere,
236 1396 392 1467 meliusque
403 1394 521 1458 babent,
534 1391 666 1448 mercede
677 1393 855 1466 delinquere,
870 1412 957 1468 quam

149 1474 236 1546 gratis
256 1480 329 1527 recte
351 1469 449 1526 fecere.
489 1471 583 1541 ltaque
603 1485 698 1524 omnes
719 1487 879 1526 concessere
899 1472 956 1528 iam
1037 1493 1038 1532 t

149 1549 178 1603 in
190 1563 340 1620 paucorum
351 1546 580 1610 dominationem,
600 1546 650 1617 qui
660 1561 710 1617 per
720 1546 841 1602 militare
852 1560 955 1604 nomen
1037 1543 1038 1594 ἶ

148 1625 300 1687 aerarium,
317 1624 468 1686 exercitus,
485 1637 584 1695 regna,
600 1622 759 1693 provincias
769 1638 954 1695 occupavere,

149 1709 175 1755 et
196 1715 286 1756 arcem
306 1699 409 1755 babent
423 1716 458 1754 ex
472 1697 571 1770 spoliis
591 1699 704 1753 vostris:
734 1714 822 1769 quum
842 1700 956 1756 interim

149 1794 224 1832 moro
238 1791 368 1848 pecorum
385 1792 434 1831 vos
449 1772 598 1829 multitudo
609 1773 729 1847 singulis
740 1773 883 1830 habendos
895 1775 957 1832 iru-

149 1853 290 1923 endosque
305 1851 457 1924 praebetis,
480 1851 557 1904 exuti
577 1849 722 1913 omnibus,
743 1866 815 1921 quse
837 1853 957 1908 maiores

149 1929 300 2000 reliquere:
322 1929 376 1982 nisi
392 1927 458 1999 quia
474 1925 612 1980 vobismet
625 1926 680 1997 ipsi
696 1942 745 1996 per
756 1925 903 2000 suffragia,
926 1936 958 1983 ut

149 2003 290 2075 praesides
308 2003 390 2066 olim,
422 2019 495 2056 nunc
514 2001 641 2056 dominos
661 2000 818 2057 destinatis.
858 2005 955 2074 ltaque

148 2096 308 2134 conoessero
319 2079 387 2134 illuc
395 2095 505 2133 ornnes:
521 2085 548 2133 et
557 2093 631 2141 mox,
644 2077 669 2132 si
680 2086 769 2133 vostra
780 2080 953 2150 receperitis,

148 2155 182 2210 ad
194 2173 243 2210 vos
254 2154 385 2210 redibunt
395 2154 532 2225 plerique.
566 2153 645 2208 liaris
656 2153 733 2208 enim
744 2154 854 2208 enimus
865 2163 907 2209 est
918 2154 954 2210 ad

148 2249 188 2296 es,
197 2248 268 2302 quae
278 2231 398 2302 placent,
406 2228 580 2284 defendenda
588 2248 594 2282 :
602 2230 685 2284 ceteri
697 2228 864 2284 validiorum
875 2239 952 2286 erint.

148 2307 189 2361 dn
200 2307 318 2361 dubium
331 2305 454 2369 habetis,
469 2321 504 2359 ne
514 2303 625 2360 officere
634 2303 704 2377 quid
717 2304 811 2369 vobis,
825 2322 880 2360 uno
891 2307 955 2361 ani-

147 2399 191 2437 nro
202 2383 398 2455 pergentibus,
414 2382 515 2454 possit,
528 2395 597 2450 quos
610 2379 756 2453 languidos
767 2380 955 2453 socordesque

146 2456 332 2530 pertimuere‘.l
351 2457 406 2512 nisi
421 2456 490 2512 forte
506 2455 536 2511 C.
553 2455 644 2521 Cotta,
666 2471 701 2510 ex
722 2454 840 2511 lectione
860 2457 955 2514 media

98 2552 103 2562 ·
146 2533 263 2597 Consul,
285 2534 378 2598 aliter,
401 2549 485 2605 quam
496 2539 586 2595 metu,
608 2533 670 2587 iura
683 2531 820 2603 quaedem
831 2533 954 2588 tribunis

146 2609 239 2680 plebei
250 2609 386 2676 restituit3
407 2616 448 2673 et,
464 2623 633 2681 quemquam
644 2609 676 2662 t.
688 2605 826 2671 Sicinius,
844 2611 954 2679 primus

146 2684 181 2738 de
192 2693 324 2755 potestate
335 2684 484 2739 tribunicia
496 2683 572 2754 loqui
583 2700 681 2746 susus,
702 2685 892 2739 mussentibus
902 2702 954 2740 vo-

146 2759 191 2814 bis
201 2761 408 2816 circumventus
419 2769 485 2824 erat,
498 2768 587 2815 tamen
599 2760 678 2829 prius
690 2759 730 2813 illi
744 2759 880 2816 invidiam
891 2777 953 2816 me-
