2070 3036
208 209 499 256 IUGURTHINUM.
520 208 599 255 CAP.
619 208 730 258 st-at.
823 205 871 260 ΗΕ

59 328 117 384 pra
127 309 234 366 bonum
245 317 327 382 atque
338 309 483 365 honestum
494 308 652 383 perculsus,
674 328 763 383 nequa
779 311 871 368 lacru-

59 404 127 444 mas
137 395 242 452 tenere,
250 403 340 458 neque
350 386 487 442 moderari
499 388 636 460 linguam
651 387 694 441 vir
705 387 869 462 egregiusin

6 513 7 542 ,
61 463 133 520 aliis
144 462 261 527 artibus
270 463 354 518 nimis
365 462 690 537 molliteraagritudinem
702 465 769 535 pati.
781 463 869 531 Quam

6 545 7 554 ’
59 557 127 596 rem
138 539 189 594 alii
200 539 229 594 in
240 538 401 612 superbiam
411 539 568 608 vertebant3
594 538 654 603 alii,
676 539 779 594 bonum
789 541 868 613 inge-

6 635 7 644 *
58 617 145 672 nium
161 616 327 670 contumelia
342 633 488 671 accensum
503 632 577 684 esse;
605 614 697 680 multi,
723 614 867 687 quodiam

57 700 144 766 parta
155 692 271 746 victoria
282 709 317 748 ex
327 691 456 746 manibus
466 693 632 764 eriperetur;
655 690 735 745 nobis
744 691 811 746 satis
822 708 868 746 co-

58 769 177 844 gnitum
189 776 242 833 est,
260 768 341 822 illum
351 769 440 841 magis
449 767 552 823 honore
562 767 655 832 Marii,
671 784 754 839 quam
765 767 868 823 iniuria

57 863 114 900 sua
126 845 329 913 excruciatum
343 859 433 916 neque
443 851 499 900 tam
509 843 590 898 anxie
602 843 722 898 laturum
733 842 830 909 fuisse,
843 843 867 897 si

57 919 194 991 adempta
205 921 348 991 provincia
360 919 422 984 alii,
435 936 519 991 quam
530 920 628 984 Mario,
640 918 803 974 traderetur.

120 996 272 1051 LXXXIH.
293 996 381 1070 Igitur
400 1012 431 1050 eo
452 995 545 1050 dolore
564 994 729 1067 impeditus,
754 1003 781 1050 et
801 996 867 1068 quia

58 1071 201 1128 stultitiae
210 1070 358 1136 videbatur
369 1070 487 1126 alienam
498 1088 555 1126 rem
565 1071 689 1142 periculo
700 1088 750 1126 suo
760 1088 864 1138 curare,

55 1149 169 1222 legatos
180 1146 215 1202 ad
224 1147 363 1202 Bocchum
373 1147 466 1213 mittit,
478 1147 656 1218 postulatum,
669 1165 703 1202 ne
714 1149 774 1203 sine
785 1165 866 1204 oaus-

56 1243 88 1280 sa
100 1223 192 1278 hostis
203 1223 306 1295 populo
316 1223 436 1278 Romano
447 1223 536 1279 tieret:
558 1223 659 1280 habere
669 1233 727 1279 tum
738 1241 866 1299 magnam

56 1301 172 1372 copiam
187 1299 326 1356 societatis
342 1300 536 1372 amicitiaeque
549 1300 772 1374 coniungendae,
794 1317 865 1372 qnae

56 1376 153 1449 potior
167 1373 241 1430 hello
257 1384 342 1445 esset;
365 1393 534 1450 quamquam
549 1376 650 1449 opibus
668 1377 727 1432 suis
743 1377 865 1434 confide-

55 1460 115 1517 ret,
148 1459 241 1506 tamen
260 1469 315 1508 non
335 1451 437 1508 debere
456 1455 560 1509 incerta
575 1470 625 1525 pro
640 1455 721 1509 certis
740 1462 860 1508 mutare:

54 1544 142 1584 omne
152 1525 259 1582 bellum
269 1528 343 1582 sumi
356 1526 452 1594 facila,
474 1537 596 1584 aeterum
612 1545 772 1602 aegerrume
787 1527 863 1583 desi-

55 1619 139 1658 nere:
163 1618 218 1657 non
229 1601 258 1657 in
267 1602 392 1658 eiusdem
403 1611 537 1677 potestate
550 1603 662 1658 initium
672 1604 732 1660 eius
742 1614 769 1660 et
779 1604 862 1668 finem

56 1696 136 1734 esse:
155 1675 279 1756 inqipare
290 1678 395 1744 cuivis,
408 1679 491 1734 etiam
501 1679 615 1752 ignavo,
631 1677 730 1748 licere;
749 1679 860 1752 deponi,

54 1771 149 1828 quum
159 1753 277 1810 victores
288 1754 389 1824 velint;
397 1753 513 1828 proinde
522 1753 577 1808 sihi
587 1770 726 1826 regnoque
736 1772 786 1811 suo
797 1773 863 1810 con-

53 1831 181 1894 suleret,
201 1846 256 1884 neu
269 1827 391 1886 florentis
404 1848 448 1886 res
458 1848 523 1886 suas
534 1846 597 1884 cum
607 1829 756 1904 Iugurthae
767 1830 862 1903 perdi-

53 1907 92 1964 tis
110 1905 251 1960 misceret.
290 1905 334 1961 Ad
353 1924 385 1962 ea
399 1923 449 1962 rex
463 1908 530 1962 satis
551 1904 659 1977 placide
674 1907 759 1964 verba
779 1905 859 1962 facit:

52 1999 120 2038 sese
133 1997 232 2054 paoem
245 1997 360 2054 cupere,
377 1982 428 2038 sad
438 1981 585 2056 Iugurthae
596 1981 765 2040 fortunarum
775 1984 861 2038 miso-

52 2055 127 2126 rari;
156 2057 180 2111 si
196 2055 293 2112 eadem
307 2056 350 2114 illi
366 2059 444 2131 copia
459 2058 550 2124 fieret,
571 2059 664 2114 omnia
682 2067 859 2116 conventura.

52 2131 166 2192 Rursus
186 2133 335 2204 imperator
355 2143 448 2189 contra
466 2133 604 2207 postulata
624 2135 724 2191 Bocchi
744 2133 860 2190 nuncios

51 2209 158 2277 mittio
175 2207 223 2263 itte
232 2209 348 2282 probare
358 2211 473 2282 partim,
490 2211 542 2266 alia
555 2209 686 2266 abnuere.
718 2211 757 2266 Eo
768 2209 858 2276 modo,

53 2303 142 2358 saepe
153 2283 188 2339 ab
199 2293 316 2358 utroque
327 2286 421 2340 missis
431 2287 611 2358 remissisque
623 2287 742 2354 nunciis,
751 2296 860 2360 tempus

50 2359 221 2492 prohoedore,
243 2371 270 2416 et
284 2380 319 2418 ex
333 2361 437 2420 Metalli
452 2362 593 2419 voluntate
607 2361 713 2420 bellum
726 2363 859 2420 intactum

52 2449 96 2494 tra
120 2437 141 2492 i.

111 2509 262 2568 LXXXIV.
281 2510 317 2568 Aa
326 2513 444 2578 Marius,
455 2523 486 2570 ut
496 2530 580 2586 supra
590 2512 727 2582 diximus,
740 2517 857 2591 cupien-

53 2589 174 2646 tissuma
186 2586 268 2659 plebe
274 2587 374 2644 Consul
387 2587 637 2662 factus,postquam
649 2592 674 2646 ei
686 2595 856 2665 provinciam

51 2663 217 2720 Numidiam
228 2663 348 2736 populus
358 2664 453 2727 iussit,
470 2673 548 2720 antea
559 2667 613 2720 iam
625 2667 742 2724 infestus
753 2669 856 2726 nobili·

52 2741 117 2806 tati,
140 2749 199 2795 tum
214 2755 279 2794 vero
293 2739 396 2796 multus
410 2749 492 2814 atque
503 2739 580 2798 ferox
591 2743 706 2800 instare:
729 2745 855 2818 singulos

641 2821 663 2874 H
675 2825 690 2874 '¹2
