2070 3036
240 202 528 250 IUGURTHINUM.
551 202 630 248 GAP.
650 203 684 247 98.
700 203 738 248 99.
845 197 891 257 131

88 306 214 369 territus,
227 313 273 360 aut
283 305 382 380 magis,
397 321 481 376 quam
491 310 579 368 antea,
591 301 712 360 demisso
721 302 815 360 auimo
824 302 891 375 iuit3
957 319 960 328 ’

88 381 141 437 sed
152 398 215 436 cum
227 389 316 436 turma
326 398 386 446 sua,
396 378 692 453 quamexlortissumls
703 380 893 454 magisquam

89 456 343 522 familiarissumis,
360 465 519 531 paraverat,
533 454 629 528 vagari
639 456 759 527 passim,
770 472 802 511 ac
812 455 893 512 modo

89 532 283 589 laborantibus
293 531 353 588 suis
363 549 538 596 succurrere,
556 529 637 586 modo
648 530 749 596 bostis,
766 531 816 586 ubi
827 548 894 587 con-

88 608 244 668 fertissumi
263 607 439 672 obstiterant,
468 605 614 674 invader03
646 622 729 662 manu
749 606 893 662 consulere

87 683 243 750 militibus,
260 685 391 756 quoniam
402 684 553 757 imperare,
570 682 741 738 conturbatis
751 680 891 747 omnibus,

86 778 145 818 non
155 767 272 832 poterat.
292 760 405 831 Iamque
416 757 476 814 dies
487 767 666 830 consumptus
677 763 745 822 erat
755 773 843 830 quum
851 767 894 813 tu·

85 854 154 892 mea
169 835 279 892 barbari
294 834 366 890 nihil
380 836 531 903 remittere;
554 842 649 906 atque,
671 834 712 890 uti
724 850 802 907 reges
811 833 896 906 prue-'

84 920 233 986 ceperunt,
255 919 363 966 noctem
379 927 430 982 pro
440 927 469 966 se
480 911 547 975 rati,
569 909 782 965 acriusinstorc.
823 911 893 965 Tum

83 989 193 1046 Marius
208 1003 243 1043 cx
257 988 336 1058 copia
347 1003 439 1042 rerum
452 985 601 1042 consilium
612 984 710 1050 trahit,
731 993 828 1058 atque,
852 985 892 1040 uti

83 1065 148 1120 suis
159 1062 284 1136 receptui
295 1063 371 1119 locus
382 1071 469 1127 esset,
485 1061 565 1116 collis
576 1060 646 1116 duos
656 1062 729 1118 inter
738 1078 768 1117 se
777 1062 893 1134 propiu-

83 1147 298 1214 qucsoccupat;
318 1139 556 1212 quorumiuuno,
573 1137 890 1212 castrisporumomplo‚

85 1215 151 1272 lons
162 1232 250 1288 aquae
261 1230 380 1290 magnus
391 1222 461 1284 erat;
473 1213 551 1280 alter,
563 1213 627 1269 usui
636 1221 818 1286 opportunus,
826 1217 892 1286 quia

83 1309 189 1366 magna
203 1299 281 1363 parte
296 1289 389 1347 editus
404 1298 431 1346 et
445 1307 594 1363 praeceps,
614 1307 703 1363 pauca
721 1291 893 1346 munimenta

83 1367 247 1441 quaerebat.
282 1365 409 1424 Ceterum
424 1366 500 1439 apud
510 1383 609 1440 aquam
619 1365 726 1422 Sullam
737 1383 801 1422 cum
812 1368 893 1438 cqui-

83 1443 163 1501 tibus
178 1451 288 1500 noctem
304 1443 408 1518 agitare
423 1443 511 1509 iubet.
550 1443 612 1514 lpse
625 1442 770 1514 paullatim
782 1441 893 1516 disper-

82 1537 131 1578 sos
146 1519 265 1584 milites,
290 1536 381 1593 neque
396 1519 489 1576 miuus
509 1517 637 1574 hostibus
655 1518 840 1582 conturbatis,
862 1519 891 1574 in

81 1612 175 1653 unum
186 1595 335 1664 contrahit3
357 1595 423 1650 dein
440 1601 553 1651 cunctos
562 1593 646 1665 pleno
655 1593 743 1667 gradu
752 1595 782 1650 in
792 1593 891 1652 collem

81 1671 229 1728 subducit.
268 1672 307 1729 ltu
318 1688 412 1746 reges,
430 1667 658 1726 locidllficultate
668 1670 769 1734 coacti,
783 1669 891 1743 praelio

81 1748 273 1816 deterrentur;
294 1764 386 1820 neque
396 1753 488 1802 temen
499 1761 564 1800 suos
574 1743 686 1818 longius
696 1742 773 1800 abire
784 1747 888 1812 sinunt,

81 1822 150 1890 sed,
175 1831 293 1895 utroque
312 1823 382 1880 colle
403 1820 584 1880 multitudiue
602 1819 785 1886 circumdato,
810 1819 889 1878 effusi

82 1897 245 1957 consedere.
285 1900 354 1954 Dein
368 1897 473 1954 crebris
484 1895 599 1972 ignibus
609 1895 704 1962 lactis,
724 1895 890 1970 plerumque

82 1975 174 2032 noctis
185 1974 294 2030 barbari
309 1991 360 2032 suo
376 1991 451 2030 more
462 1973 571 2039 laetari,
594 1971 747 2038 exsultare,
769 1982 890 2049 strepere

81 2050 216 2120 vocibus3
242 2058 269 2105 et
278 2049 334 2122 ipsi
343 2049 430 2106 duces
441 2049 560 2115 feroces,
582 2049 712 2121 quianon
722 2047 832 2122 lugere,
848 2059 890 2106 ot·

80 2145 139 2199 que
150 2143 201 2198 pro
211 2125 364 2182 victoribus
374 2143 466 2200 agera.
493 2124 550 2182 Sed
560 2142 591 2181 ea
602 2133 700 2181 cuncta
711 2124 841 2180 Romanis
855 2143 890 2184 ex

81 2202 208 2258 tenebris
223 2211 249 2258 et
264 2199 430 2258 editioribus
449 2202 518 2260 locis
539 2201 633 2258 facilia
652 2201 716 2257 visu
734 2217 889 2276 magnoque

81 2277 256 2335 hortamento
266 2284 354 2333 erant.

140 2353 239 2412 XCIX.
259 2353 415 2410 Plurimum
424 2369 490 2409 vero
500 2353 604 2410 Marius
615 2352 737 2408 bostium
749 2354 888 2429 imperitia

82 2430 276 2494 confirmatus,
297 2444 382 2503 quam
397 2446 560 2485 maxumum
575 2428 719 2486 silentium
733 2429 830 2488 heberi
843 2431 889 2487 iu-

82 2505 143 2561 bet:
166 2521 202 2560 ne
210 2506 291 2577 sigua
299 2504 429 2577 quidem.
447 2506 488 2560 uti
498 2523 548 2579 per
557 2504 671 2580 vigilias
681 2506 821 2574 solebant,
842 2525 890 2564 ca-

83 2579 283 2646 nerc:dainde‚
296 2580 346 2636 ubi
357 2579 408 2641 lux
417 2579 593 2648 adventabat,
604 2580 722 2640 defessis
732 2583 788 2639 iam
800 2580 871 2639 hof*
900 2573 917 2598 ⁵

83 2656 138 2714 bus
148 2663 177 2712 ct
186 2655 450 2729 paullosntesomno
460 2658 558 2731 captis,
566 2657 600 2714 dc
610 2659 763 2732 improviso
773 2660 801 2716 ν’

84 2733 152 2788 item
163 2732 331 2799 cohortium,
353 2741 521 2800 turmarum,
543 2734 684 2808 legionum
698 2736 785 2792 tubici

1007 2449 1023 2479 A
