2072 3034
155 203 189 256 78
306 211 332 255 0.
353 211 411 258 CR.
433 210 638 257 SALLUSTII
657 209 808 256 BELLUM

155 313 205 382 qui
226 327 292 367 auro
312 312 434 383 corrupti
458 310 618 383 elephantos
637 312 785 385 Iugurthae
809 311 967 378 traderent;

157 387 205 442 elii
218 385 350 460 perfugas
359 386 493 454 vendere,
515 403 580 458 pars
595 403 631 442 ex
645 388 750 459 pacatis
764 387 881 460 praedas
897 407 968 464 age-

156 464 235 532 bant,
252 470 326 518 tanta
337 464 381 520 vis
391 462 523 518 avaritiae
533 463 640 518 animos
651 479 760 528 eorum,
776 463 863 520 veluti
874 465 965 524 tabes.

156 541 305 596 invaserat.
344 537 380 594 tt
398 537 511 595 Cassius
529 535 656 612 [praetor]
672 538 777 610 perlata
792 541 935 614 rogatione
951 559 969 596 a
1024 556 1025 596 t

156 614 342 680 C.Memmio,
363 631 395 669 ac
409 614 537 686 perculsa
551 613 626 669 omni
641 613 797 680 nobilitate,
820 615 970 692 adlugur-
1024 623 1025 654 i

157 691 232 746 tham
251 690 450 764 proficiscitur,
480 691 562 762 eique
581 688 679 745 timido
698 697 725 745 et
745 707 780 745 ex
796 692 967 748 conscientia
1024 703 1025 710 ’

156 766 296 822 diffidenti
310 764 394 821 rehus
407 766 468 822 suis
481 764 643 838 persuadet,
667 766 800 836 quoniam
815 784 845 822 se
860 769 969 840 populo

156 843 277 899 Romano
288 841 425 905 dedisset,
436 842 554 907 nerim,
567 857 651 913 quam
662 840 881 897 misericordiam
892 843 967 908 eius,
1025 874 1026 914 t

156 919 277 991 experiri
291 917 380 973 malit.
419 916 553 973 Privatim
571 925 711 988 praeterea
726 915 810 972 tidem
825 935 905 974 suam
921 919 969 974 in·

156 994 289 1066 terponit,
308 1009 393 1066 qnam
407 991 457 1048 ille
471 1009 526 1048 non
537 992 652 1047 minoris
662 1009 747 1064 quam
756 992 900 1064 publicam
912 994 969 1050 du·
1025 1023 1026 1094 q

156 1069 248 1138 cehat;
263 1069 327 1124 talis
337 1086 369 1124 ea
379 1075 541 1140 tempestate
552 1066 624 1124 fama
634 1067 669 1123 de
678 1067 773 1124 Cassio
783 1077 851 1125 erat.

211 1143 339 1200 xxxin.
363 1145 451 1216 Igitur
463 1143 610 1217 Iugurtha,
635 1151 728 1199 eontra
743 1143 828 1199 decus
844 1145 967 1218 regium,

156 1219 233 1276 cultu
247 1235 332 1291 quam
346 1235 476 1274 maxume
491 1219 645 1274 miserabili
660 1236 725 1274 cum
740 1219 835 1276 Cassio
850 1220 969 1277 Romam

156 1297 245 1353 venit:
268 1311 300 1349 ao
309 1294 419 1350 tametsi
430 1295 532 1366 inipso
543 1310 643 1367 magna
653 1295 696 1350 vis
707 1296 794 1351 animi
805 1304 874 1365 erat,
897 1313 970 1352 oon-

156 1371 279 1427 firmatus
295 1370 329 1426 ab
342 1369 487 1434 omnibus,
513 1386 632 1441 quorum
651 1371 773 1442 potentia
794 1379 841 1426 aut
860 1372 969 1428 scelere

156 1455 254 1503 cuncta
269 1463 300 1502 ea
315 1454 451 1520 gesserat,
472 1461 545 1516 quae
562 1445 799 1518 supradiximus,
822 1447 852 1502 C.
871 1456 968 1505 tamen

155 1523 288 1579 liaebium
300 1521 443 1578 tribunum
452 1520 544 1593 piebis
555 1537 653 1595 magna
664 1521 791 1577 mercede
801 1533 892 1594 parat,
915 1541 970 1579 ou·
1027 1512 1028 1586 i

156 1601 202 1655 ius
212 1597 386 1671 impudentia
400 1597 551 1653 contraius
566 1606 593 1652 et
606 1597 723 1653 iniurias
733 1614 829 1654 omnes
839 1600 968 1655 munitus

156 1674 234 1732 foret.
274 1673 310 1729 m
324 1672 355 1730 C.
371 1673 532 1737 Memmius,
554 1672 684 1729 advocata
698 1675 843 1738 concione,
864 1691 969 1746 quam-

154 1768 239 1824 quam
250 1750 310 1824 regi
322 1747 423 1804 infesta
432 1748 530 1821 plebes
540 1757 611 1812 erat,
624 1757 650 1804 et
659 1766 724 1821 pars
735 1748 763 1803 in
776 1749 888 1805 vincula
898 1750 966 1806 duci

155 1826 283 1890 iubebat,
303 1840 382 1897 pars,
405 1825 433 1878 ui
447 1824 537 1879 socios
552 1824 664 1879 sceleris
679 1823 723 1878 sui
736 1825 868 1895 aperiret,
889 1842 967 1881 more

155 1903 291 1958 maiorum
300 1899 336 1956 de
346 1900 424 1955 hoste
434 1898 605 1972 supplicium
620 1899 707 1965 snmi;
729 1898 859 1972 dignitati
875 1902 967 1976 magis

154 1994 240 2050 quam
249 1978 307 2034 irae
320 1975 482 2039 consulens,
502 1973 599 2030 sedere
613 1982 703 2030 motus
715 1983 741 2030 et
751 1975 857 2030 animos
868 1993 964 2032 eorum

155 2053 277 2120 mollire;
300 2060 438 2124 postremo
452 2049 627 2115 confirmare,
650 2048 733 2105 iidem
753 2050 894 2122 publicam
914 2067 965 2124 per

155 2145 216 2185 sese
231 2127 392 2184 inviolatam
412 2125 478 2183 iore.
516 2126 594 2190 Post,
628 2124 677 2180 ubi
697 2125 840 2181 sitentium
860 2128 963 2200 coepit,

154 2203 288 2277 producto
299 2201 445 2277 iugurtha,
460 2199 544 2257 verbe
556 2199 634 2256 facit:
647 2201 748 2256 Romae
759 2201 965 2275 Numidiaeque

155 2279 276 2336 facinora
287 2279 349 2335 eius
359 2283 505 2342 memorat;
527 2276 630 2331 scelera
645 2276 673 2330 in
689 2285 794 2348 patrem
810 2275 965 2350 fratresque

154 2355 290 2412 ostendite
311 2353 416 2426 quihus
433 2351 595 2409 iuvantibus
608 2351 768 2423 quibusque
783 2353 919 2408 ministris
932 2370 965 2409 ea

155 2432 256 2505 egerit,
278 2446 447 2502 quamquam
461 2427 603 2502 intellegat
617 2427 737 2499 populus
749 2427 901 2494 Romanus,
923 2435 966 2484 te-

155 2524 218 2562 men
234 2505 306 2561 veile
321 2503 465 2562 manifesta
480 2504 570 2576 magis
585 2520 619 2558 ex
632 2503 681 2558 iiio
693 2500 808 2559 habere:
829 2504 854 2559 si
866 2521 964 2560 verum

155 2583 274 2654 aperiat,
296 2581 323 2635 in
339 2579 392 2635 fide
405 2588 432 2635 et
445 2579 590 2634 clementie
601 2577 697 2651 popuii
708 2578 822 2634 Romani
834 2595 962 2653 magnam

154 2675 234 2730 spem
248 2656 292 2712 iiii
307 2656 404 2710 sitam:
426 2657 471 2710 sin
485 2655 612 2719 reticeat,
635 2669 688 2708 non
703 2653 786 2708 sociis
799 2654 883 2710 saluti
895 2654 960 2720 iore,

154 2732 204 2788 sed
214 2749 245 2790 se
255 2745 375 2804 suesque
385 2747 449 2804 spes
459 2739 662 2802 corrupturum.
