2058 3032
177 973 982 1044 c.suucusurrcatssr

368 1169 469 1232 vtt't
497 1169 549 1232 ET
576 1167 790 1236 sculptus,

496 1357 662 1365 ...κ-..-

246 1510 283 1575 0.
296 1523 429 1574 sallustius
441 1523 559 1588 cuspus,
578 1525 737 1574 Amicimur
748 1525 863 1586 sturnis,
880 1525 983 1574 xxti-

178 1614 215 1661 nis
225 1621 284 1676 post
293 1612 328 1660 M.
337 1610 448 1660 Tullium
459 1609 618 1671 Ciceroucrc,
628 1609 751 1660 Kalendis
762 1609 917 1660 Octobribus
925 1611 981 1661 anni
1021 1669 1022 1674 η

178 1698 208 1746 ab
218 1697 249 1746 U.
261 1712 284 1745 c.
296 1694 465 1745 DCLXVIII.
479 1698 586 1746 honcsto
595 1703 679 1760 patre,
699 1696 822 1760 equestris
832 1697 930 1746 ordinis
939 1697 982 1746 ho·

177 1783 258 1844 mina,
272 1789 359 1841 natus,
375 1782 442 1830 diem
452 1796 596 1845 supremum
606 1781 652 1829 111.
664 1795 687 1830 a.
699 1781 758 1830 Idus
767 1783 863 1844 Maias,
882 1785 983 1846 quadri-

178 1868 252 1917 ennio
266 1875 324 1917 ante
337 1881 448 1931 pugnam
461 1866 594 1914 Actiacam
608 1867 625 1914 i.
641 1881 663 1914 e.
679 1881 746 1916 anuo
759 1867 790 1917 U.
802 1883 825 1917 c.
835 1866 984 1919 Dccxlx.

177 1953 247 2002 obiit.
260 1953 287 2004 Si
297 1953 395 2003 Horatii
404 1951 543 2002 rationibus
553 1951 664 1999 metricis
674 1949 735 2015 (Od.
746 1952 780 2013 11,
792 1959 816 2014 2,
828 1959 853 2002 3.
865 1961 891 2004 ot
900 1953 983 2006 Sorm.

181 2044 201 2098 l,
213 2042 237 2099 2,
248 2039 302 2097 48.)
319 2038 523 2100 sculptorumquc
536 2036 730 2100 orthographiae
741 2039 767 2086 in
777 2037 878 2088 Gruteri
888 2039 985 2090 lnscrr.

177 2122 339 2183 confidimus,
357 2121 504 2183 Sallustius,
515 2123 555 2171 sin
566 2122 728 2186 etymologis,
742 2130 770 2172 ut
779 2122 916 2174 Gerlachio
927 2127 985 2175 aliis

178 2209 314 2270 credimus,
337 2207 463 2258 Salustius
476 2207 562 2255 audiit.
600 2206 649 2256 Hic
663 2223 727 2272 pucr
741 2224 756 2256 a
768 2215 840 2272 patre
854 2205 900 2271 pro
910 2225 984 2260 more

178 2295 272 2344 saeculi
281 2293 389 2343 Romam
399 2299 436 2342 est
445 2292 547 2352 missus,
557 2292 683 2356 magistris
693 2294 832 2344 litterarum
839 2294 985 2360 artiumque

178 2379 278 2444 optimis
298 2386 323 2428 ct
342 2378 464 2441 exemplis
481 2377 513 2426 ad
532 2376 635 2426 honoris
650 2379 761 2428 studium
774 2377 984 2429 inflammandum

178 2463 388 2514 ambitiosissimis
402 2463 556 2514 affluentem.
592 2462 676 2512 Tanta
688 2479 747 2513 vcro
757 2464 805 2514 fuit
816 2463 918 2514 illorum
928 2481 983 2515 cor·

178 2551 273 2614 ruptolu
285 2557 440 2613 temporum,
451 2555 492 2611 ut,
507 2549 550 2612 qui
559 2548 706 2597 adolescens
716 2549 812 2600 maiore
821 2549 899 2598 animi
910 2557 983 2600 aestu

178 2637 364 2696 effervesceret,
386 2649 418 2683 nc
429 2635 467 2682 vir
481 2634 583 2697 quidem
597 2633 752 2696 voluptatum
766 2633 891 2684 illecabris
908 2635 983 2684 facilc

178 2723 312 2772 resisteret.
349 2717 406 2780 Quo
420 2718 515 2766 factum
530 2723 579 2780 cst,
602 2725 644 2778 ut,
664 2731 741 2780 quum
754 2718 806 2768 ium
819 2729 940 2780 quaestor
959 2729 983 2770 et

178 2805 382 2873 tribunusplebis
392 2802 494 2863 fuisset,
505 2817 521 2850 a
529 2802 626 2852 Milone
635 2803 661 2852 in
671 2801 795 2853 adulterio
805 2817 862 2852 cum
873 2805 983 2872 coniuge
