2058 3032
277 195 470 252 cementa.
491 188 610 274 caue.
629 205 664 251 u.
856 175 876 253 ‘l

58 303 224 376 bonumque
238 304 313 377 apud
326 322 375 360 eas
387 321 441 362 non
453 304 563 380 legibus
573 305 677 378 magis,
700 321 783 378 quarn
794 315 875 362 natu·

58 399 107 445 ra,
120 380 240 436 valebat.
279 382 387 455 Iurgia,
402 379 570 446 discordiae,
585 381 739 438 simultates
751 398 813 437 curn
825 380 876 438 ho-

58 456 344 512 stibusaxercebant:
364 457 441 516 cives
456 474 520 516 euna
534 456 644 514 civibus
658 458 692 522 (le
703 459 804 514 virtute
815 475 875 512 cer-

60 532 171 598 tabaut3
193 532 224 586 in
238 532 387 604 suppliciis
397 532 512 590 deorum
522 532 677 608 magnifici,
699 533 775 588 domi
786 534 873 606 parci,

58 610 91 664 in
107 607 212 663 amicos
227 607 324 664 fideles
338 617 425 666 erant.
465 610 578 668 umbus
590 609 766 674 hisartibus.
789 608 875 665 auda-

59 685 105 740 cia
114 684 146 738 in
156 682 245 748 bello,
261 683 310 739 ubi
320 700 377 757 pax
387 695 528 751 evenerat,
541 684 693 757 aequitate,
705 701 792 757 seque
802 701 875 740 rem-

59 777 117 832 que
127 758 271 831 publicam
284 760 428 817 curabant.
465 759 589 828 Quarum
604 777 696 818 rerum
710 777 762 836 ego
777 777 876 816 maxu-

59 853 107 892 ma
127 835 293 892 documenta
312 835 381 892 haec
401 835 503 903 habeo,
528 835 603 909 quod
617 837 647 892 in
668 837 742 894 ballo
762 837 875 908 saepius

59 911 288 969 vindicatumest
297 913 327 969 in
336 929 392 978 ece,
404 913 454 984 qui
465 920 558 970 contra
568 912 756 986 imperiumn
768 912 873 969 hostem

58 996 268 1063 pugnaverant,
289 989 395 1061 quique
409 988 530 1054 tardius,
552 989 686 1055 revocati,
707 989 812 1061 praelio
826 1007 875 1044 ex·

60 1071 216 1130 cesserant,
233 1080 317 1137 quam
331 1064 381 1136 qui
393 1064 474 1138 sigua
485 1064 655 1137 relinquere,
671 1074 720 1120 ant
730 1064 805 1137 pulsi
816 1065 875 1122 leco

60 1139 161 1196 cedere
172 1140 234 1195 ausi
244 1147 334 1196 erant:
347 1140 449 1212 inpace
460 1157 524 1196 vero
533 1139 609 1213 quod
617 1139 763 1198 beneficiis
773 1143 873 1215 magis,

61 1233 147 1290 quam
158 1224 242 1282 metu,
258 1215 410 1288 imperium
420 1215 570 1292 agitabant,
588 1225 624 1283 et,
636 1225 749 1290 accepta
759 1217 872 1282 iniuria,

61 1295 216 1368 ignoscere,
228 1308 312 1364 quam
322 1293 452 1365 persequi
463 1291 612 1350 malebant.

116 1369 155 1426 X.
177 1367 235 1424 Sed
248 1367 299 1424 ubi
313 1367 407 1425 labore
422 1377 504 1442 atq-ue
518 1368 625 1426 iustitia
639 1367 799 1442 respublica
814 1383 875 1424 cre·

60 1445 116 1511 vit,
136 1461 217 1518 reges
232 1444 326 1519 magni
340 1444 415 1500 bello
429 1444 540 1509 domiti,
562 1443 688 1501 nationes
704 1443 875 1516 leraeetpc-

60 1520 122 1594 puli
137 1520 265 1594 ingentes
281 1521 310 1576 vi
324 1520 448 1586 subacti,
469 1519 618 1593 Carthago,
639 1520 747 1584 aemule
761 1519 874 1592 imperii

59 1597 193 1660 Romani,
219 1596 254 1652 ab
269 1597 355 1669 stirpe
371 1596 489 1660 interiit,
511 1604 608 1653 cuncta
624 1597 709 1652 maria
730 1605 875 1666 terraeque

60 1672 206 1746 patebant:
232 1673 340 1728 saevire
358 1670 467 1728 fortuna
482 1687 513 1726 ec
528 1671 644 1727 miscere
658 1673 751 1728 omnia
771 1671 872 1742 coepit.

59 1749 114 1816 Qui
126 1749 248 1814 labores,
265 1747 404 1820 pericula,
424 1745 525 1804 dubias
536 1755 617 1819 atque
628 1764 739 1819 asperas
749 1763 794 1802 rea
805 1745 875 1801 laci-

60 1827 86 1881 le
96 1825 295 1890 toleraverant,
316 1824 361 1880 his
370 1823 472 1888 otium,
495 1821 625 1889 divitiae,
647 1821 783 1896 optandae
798 1821 871 1889 aliia,

58 1902 138 1957 oneri
158 1901 343 1972 miseriaeque
366 1898 454 1956 fuere.
503 1899 592 1974 Igitur
613 1900 704 1972 prime
726 1899 872 1972 pecuniae,

60 1975 163 2034 deinde
189 1976 301 2048 imperii
325 1974 427 2048 cupido
452 1976 552 2032 crevit:
587 1991 619 2031 ea
641 1974 730 2047 quasi
745 1975 874 2031 materies

59 2053 187 2112 omnium
206 2053 340 2108 malcrum
361 2052 448 2108 luere.
497 2051 623 2122 Namque
643 2050 758 2106 eventia
778 2051 871 2118 iidem,

59 2129 241 2201 probitatem,
266 2135 428 2198 ceterasque
447 2135 523 2183 artes
537 2127 625 2184 honac
643 2125 794 2196 subvertitt
823 2143 873 2201 pro

58 2207 103 2261 hie
114 2203 291 2276 superbiam,
307 2203 513 2268 crudelitatem,
530 2202 597 2260 decs
608 2202 768 2276 neglegere,
780 2203 872 2260 omnia

60 2279 170 2338 venalia
191 2278 293 2336 habere
313 2278 433 2336 edocuit.
482 2278 605 2336 Ambitio
627 2277 729 2334 multus
748 2279 872 2336 mortalis

61 2357 145 2412 falsos
157 2356 218 2412 lieri
227 2356 353 2430 subegit3
376 2354 453 2411 aliud
466 2356 592 2412 clausum
606 2354 636 2410 in
649 2363 772 2427 pectore,
795 2355 873 2412 eliud

62 2435 88 2486 in
99 2433 199 2505 lingua
207 2441 366 2505 promptum
376 2430 491 2500 habera;
508 2429 644 2486 amicitias
654 2429 873 2501 inimicitiasque

63 2525 114 2564 non
135 2525 172 2562 ex
188 2523 231 2571 re,
257 2508 307 2562 sed
321 2525 357 2562 ex
376 2506 520 2562 commodo
534 2515 701 2576 aestumare;
727 2505 872 2578 magisque

64 2585 185 2646 vultum,
205 2599 288 2654 quam
298 2583 444 2657 ingenium
459 2582 563 2638 benum
574 2581 687 2638 habere.
725 2581 798 2636 llaec
813 2579 873 2650 pri-

62 2677 105 2716 mo
113 2658 260 2732 paullatim
272 2675 405 2723 crescere,
417 2658 557 2714 interdum
568 2657 719 2715 vindicari:
735 2663 807 2727 post,
822 2652 872 2708 ubi

61 2735 197 2808 contagio,
210 2735 289 2804 quasi
300 2733 467 2806 pestilentia,
484 2733 596 2800 invasit,
609 2734 707 2790 civitas
716 2732 871 2793 immutata.
