2058 3032
166 215 199 274 ti
320 222 347 274 c.
367 223 422 273 cn.
442 227 644 278 stnnusrrr
662 227 814 274 sunnuu

166 337 291 400 sterque,
304 329 345 383 uti
356 328 420 394 hos,
431 329 480 400 qui
491 327 543 384 tibi
553 330 812 403 genereprepinqui
820 369 827 394 ,
835 329 972 385 beneficio

166 420 227 460 mee
242 403 339 460 iratres
354 413 431 470 sunt,
453 421 529 460 caros
545 404 661 475 habeas;
688 423 744 462 neu
764 406 845 460 malie
863 405 971 461 alienos

166 480 333 554 adiungere,
344 497 428 553 quam
438 480 575 554 sanguine
583 482 744 538 coniunctos
755 482 884 538 retinere.
910 483 970 537 Non

165 558 305 613 exereitus
315 573 405 629 neque
415 556 538 612 thesauri
548 558 686 630 praesidia
696 559 776 632 regni
785 566 859 624 sunt,
871 573 971 616 verum

166 633 263 700 amici,
283 649 353 705 quos
363 649 454 704 aeque
464 634 548 688 armis
558 651 669 708 cogere,
692 649 782 706 neque
796 649 971 707 europarnre

165 725 266 782 quem
278 707 369 766 officio
380 716 407 764 et
416 707 471 764 lide
479 717 622 782 parantur.
661 707 729 777 Quis
740 718 832 766 autem
842 710 969 774 amicior,

165 801 249 858 quam
259 784 342 841 irater
352 782 447 840 iratrii
456 793 504 840 eut
512 802 597 858 quem
608 785 730 842 alienum
736 785 823 840 lidum
829 787 968 852 iuvenies,

164 863 189 918 si
200 862 256 918 tuis
267 861 353 918 hostis
363 858 468 916 fueris?
485 862 624 934 Equidem
634 878 685 936 ego
694 879 811 936 reguum
822 861 903 918 vobis
914 871 970 918 tra-

165 937 200 994 de
211 936 330 1003 firmum,
342 937 366 993 ei
377 936 443 992 boui
454 938 545 1007 eritis3
554 939 598 993 siu
609 939 685 1002 mali,
697 937 883 994 imbecillum.
899 939 969 994 Nam

164 1013 310 1070 cuncordia
323 1029 425 1086 parvae
439 1030 483 1069 ree
503 1022 643 1080 crescunt,
665 1013 804 1070 discordia
823 1031 969 1071 maxumae

164 1089 336 1145 dilabuutur.
375 1087 502 1146 Ceterum
512 1089 633 1146 antehos
644 1097 684 1156 te,
700 1090 846 1165 Iugurtha,
862 1091 913 1163 qui
923 1107 969 1148 ae-

164 1173 218 1222 tate
228 1173 255 1221 st
264 1164 398 1238 sapientia
410 1165 539 1237 priores,
555 1184 590 1222 ne
599 1167 679 1222 aliter
688 1167 758 1240 quid
769 1167 892 1233 eveniat,
905 1184 970 1240 pro-

164 1240 260 1298 videre
271 1239 360 1296 decet.
399 1242 469 1298 Nem
481 1243 509 1297 in
520 1243 595 1298 omni
606 1243 769 1309 certamine,
790 1244 840 1316 qui
850 1244 970 1316 cpulen-

164 1317 280 1383 tierent,
296 1316 378 1372 etiam
389 1317 414 1372 si
425 1319 526 1390 accipit
536 1319 682 1384 iniuriam,
702 1328 808 1386 umen,
826 1321 894 1392 quia
904 1320 968 1393 plus

163 1401 265 1465 petest,
296 1390 386 1449 fucere
403 1394 526 1450 videtur.
569 1394 623 1451 Vns
643 1402 749 1462 autem,
781 1395 924 1452 Adherbal
945 1405 969 1451 et

163 1467 319 1542 Hiempsal,
337 1468 433 1536 colite,
450 1470 595 1527 observate
605 1470 687 1526 talem
697 1472 771 1528 huuc
780 1474 887 1537 virum,
904 1473 970 1528 imi-

163 1545 261 1602 tamini
271 1545 413 1614 uirtutem,
425 1556 452 1604 et
462 1548 610 1614 enitimini,
621 1563 656 1603 ne
665 1564 717 1622 ego
726 1547 855 1604 meliores
866 1547 970 1604 liberos

163 1621 318 1694 sumpsisse
326 1621 439 1691 videar,
455 1641 539 1698 quam
549 1624 714 1699 genuisse.“

219 1697 268 1757 Xl.
289 1697 332 1756 Ad
342 1717 374 1756 ea
384 1701 530 1774 iugurtha,
549 1701 657 1757 tametsi
668 1717 761 1774 regem
772 1697 834 1754 ficta
846 1698 970 1756 locutum

163 1774 357 1850 intellegebat,
380 1776 476 1849 etipse
486 1776 567 1851 longe
578 1776 658 1833 aliter
667 1778 759 1832 animo
768 1774 906 1849 agitabat,
928 1785 971 1833 ta—

163 1867 227 1907 men
238 1868 288 1924 pre
297 1859 420 1923 tempure
430 1852 551 1926 benigne
562 1852 713 1924 respoudit.
744 1853 861 1925 Micipsa
871 1855 971 1925 paucis

163 1928 226 1998 post
236 1927 337 1984 diebus
345 1928 472 1984 moritur.
511 1928 657 1998 Postquam
669 1926 713 1983 illi
723 1943 799 1983 more
808 1929 886 2002 regie
897 1930 972 1986 iusta

163 2001 310 2076 magnifice
321 2001 455 2076 iecerunt,
476 2002 567 2077 reguli
577 2003 606 2058 in
617 2019 705 2059 uuum
716 2014 920 2070 convenerunt,
943 2015 973 2061 ut
1017 2017 1018 2038 ¹

162 2078 274 2134 interee
285 2079 320 2134 de
330 2079 437 2134 cunetis
446 2078 566 2152 negotiis
577 2077 773 2153 disceptarent.
807 2079 864 2137 Sed
874 2082 973 2138 Hiem-
1017 2121 1018 2148 ,

162 2153 238 2225 psal,
252 2155 303 2226 qni
314 2155 455 2210 minumus
464 2170 500 2210 ex
509 2154 567 2209 illis
578 2163 649 2221 erat,
665 2165 762 2212 natura
772 2155 864 2223 ferox,
877 2167 905 2214 et
916 2159 972 2216 iam
1017 2157 1018 2208 ὲ

162 2237 243 2285 antea
253 2229 456 2304 ignobilitatem
466 2229 631 2304 iugurthae,
651 2233 718 2305 quie
733 2240 855 2288 materno
868 2249 972 2308 genere

162 2303 253 2378 impar
265 2314 336 2371 erat,
357 2305 529 2378 despiciens,
552 2305 649 2364 dextra
659 2307 845 2364 Adherbalem
855 2311 970 2375 assedit,

128 2423 129 2430 ,
163 2396 198 2436 ne
208 2378 318 2437 medius
327 2399 364 2438 ex
374 2382 478 2447 tribus,
489 2381 564 2455 qued
576 2383 651 2455 apud
661 2383 797 2440 Numidas
808 2384 907 2442 honeri
918 2386 973 2444 du-

163 2455 248 2524 citur,
264 2457 395 2532 lugurtha
410 2456 488 2515 ieret.
528 2459 634 2516 Deinde
643 2469 749 2526 tamen,
769 2468 800 2515 ut
811 2463 893 2517 aetati
905 2480 973 2520 cen-

165 2532 286 2601 cederet‚
312 2533 473 2609 fatigatus'a
488 2534 586 2602 fratre,
612 2536 661 2592 vix
680 2537 710 2592 in
729 2536 843 2592 alteram
863 2548 971 2610 partem

165 2609 340 2670 transductus
354 2618 406 2666 est.
445 2610 487 2667 lbi
501 2625 589 2682 quum
603 2611 688 2667 multa
704 2611 739 2667 de
750 2611 972 2670 administrando

165 2689 282 2764 imperio
295 2687 475 2753 dissererent,
496 2685 627 2759 iugurtha
647 2687 720 2720 ‘m-
739 2686 806 2736 ὣς
826 2705 871 2742 res
889 2690 970 2745 iacit:

165 2774 289 2841 oportere
303 2763 487 2837 quinquennii
503 2777 575 2817 cens¹
831 2765 907 2820 sunia
928 2781 973 2820 fe.
