2070 3036
170 161 217 211 158
367 163 394 208 C.
415 164 542 208 emant
561 163 773 206 sAuuusTtt

167 267 337 330 societatem,
352 263 481 335 accipiet.
500 261 570 318 ttihi
582 260 702 327 bunna,
712 263 816 320 multis
827 265 906 320 rebus
914 279 958 320 ort·

168 341 233 412 ptis,
245 357 329 394 usum
339 339 418 394 dedit
427 336 660 394 henesuadeodi:
675 347 713 404 et,
729 339 808 412 quod
817 337 960 396 florentibus

167 415 291 490 optabile
301 424 357 480 cst,
372 431 439 489 ego,
455 430 509 469 non
519 413 738 478 valiaiissumus,
750 416 875 487 praebeo
884 433 963 472 exem·

169 493 261 563 plum,
276 509 332 564 qno
342 492 446 546 rectitm
456 499 673 562 tnaoompouas.
707 491 839 564 Namque
852 493 962 548 Romania

169 585 232 623 com
243 567 417 632 nationibus,
436 565 564 638 populis,
585 563 702 640 regium
716 569 829 622 cunctis
841 585 896 624 una
908 577 965 624 etet

170 654 250 699 vetus
259 661 358 699 caussa
367 639 492 698 bellandi
503 651 554 706 est,
564 640 669 713 cupido
679 639 821 713 protunda
832 645 938 717 imperii
947 651 967 698 et

168 718 346 787 divitiarum,
362 737 418 790 qua
428 718 593 790 primosum
604 717 861 790 regeidacedouum
872 721 968 792 Philip-

168 812 204 867 po
216 795 322 851 betium
332 811 487 867 sumpsere.
513 795 583 850 Dum
594 809 609 848 a
620 792 904 866 Carthaginiensibus
912 813 968 869 pre·

170 871 330 936 urebantur,
351 871 502 926 amicitiam
516 869 695 935 simutantes,
716 871 742 924 ei
761 871 967 928 subvenientem

169 945 335 1002 Antiochum
355 947 533 1002 concessione
552 946 634 1000 Asiae
652 962 703 1017 per
720 943 820 1001 dotum
840 957 965 1012 avertere,

169 1039 202 1076 ac
211 1039 290 1086 mox,
302 1020 387 1077 fracto
396 1022 541 1093 Phiiippo,
554 1021 706 1076 Antiochus
715 1023 793 1076 omni
805 1024 848 1078 cis
858 1026 967 1079 Taurum

169 1115 235 1170 agro
260 1107 287 1153 et
308 1096 404 1152 decem
428 1098 557 1152 millibus
580 1097 746 1152 talentorum
768 1099 907 1170 spotiatus
923 1107 967 1153 est.

170 1173 268 1227 Perseo
280 1171 396 1236 deinde,
417 1171 543 1245 Philippi
559 1172 662 1236 fliium,
682 1180 745 1244 post
760 1175 851 1230 multa
865 1176 968 1232 etvaria

169 1248 332 1311 certamina,
353 1246 428 1318 apud
443 1247 636 1304 Samothracas
650 1247 718 1303 deos
732 1259 882 1323 acceptum
900 1253 926 1308 in
941 1249 969 1303 fi-

169 1324 243 1388 dem,
256 1321 351 1379 callidi
362 1330 390 1377 et
399 1333 552 1395 repertores
563 1323 706 1396 perfidiae,
720 1326 789 1396 quin
799 1336 882 1398 pacto
891 1327 966 1382 vitam

170 1400 312 1464 dederant,
323 1399 470 1454 insomniis
479 1401 616 1455 occidere.
637 1399 801 1464 Eumenem,
815 1403 898 1458 cuius
907 1401 967 1458 ami-

170 1479 263 1532 citiam
274 1476 394 1550 gioriose
404 1484 555 1541 ostentant,
576 1475 657 1530 initio
669 1475 820 1547 prodidere
830 1477 966 1538 Antiocho,

169 1554 247 1626 pacis
257 1552 427 1621 mercedem,
440 1561 502 1624 post
511 1550 649 1616 Attalum,
661 1550 805 1606 custodem
816 1555 877 1626 agri
888 1552 968 1624 capti-

170 1629 214 1694 vi,
235 1628 395 1700 sumptibus
410 1638 437 1684 et
450 1628 626 1683 contumeliis
640 1644 676 1682 ex
691 1643 756 1701 rege
778 1629 967 1684 miserrumum

169 1721 313 1759 servorum
332 1703 459 1760 effecere:
486 1702 673 1774 simulatoque
693 1703 781 1774 impio
801 1711 965 1764 testamento,

170 1778 258 1834 filium
274 1781 336 1836 eius
346 1780 545 1843 Aristonicum,
562 1778 628 1849 quie
642 1778 763 1850 patrium
773 1796 893 1851 regnum
903 1778 969 1852 peti-

169 1864 255 1920 verat,
277 1855 399 1911 hostium
414 1873 489 1910 more
502 1870 552 1925 per
566 1853 739 1924 triumphum
753 1852 871 1910 duxere.
910 1853 968 1908 Asia

169 1930 205 1987 ab
215 1932 286 2004 ipsis
296 1930 409 1987 obsessa
420 1940 475 1986 est:
490 1938 628 2002 postremo
638 1928 811 2003 Bithyniam,
825 1927 967 1985 Nicomede

169 2017 290 2072 mortuo,
307 2006 462 2079 diripuere;
484 2021 546 2060 cum
562 2002 735 2068 iiiiusNush,
752 2021 835 2076 quam
851 2006 968 2079 reginam

170 2084 385 2158 appellaverant,
397 2082 509 2156 genitus
519 2077 594 2134 haud
604 2079 691 2134 dubie
700 2088 783 2135 esset.
824 2077 968 2152 Numquid

170 2177 221 2232 ego
231 2175 276 2213 me
286 2155 444 2231 appellem?
456 2173 548 2228 quem,
560 2151 735 2209 disiunctum
746 2154 872 2226 undique
882 2156 967 2229 regnis

170 2243 197 2290 et
207 2234 362 2289 tetrarchiis
373 2234 408 2288 ab
418 2232 535 2304 imperio
545 2244 655 2292 eorum,
677 2232 743 2302 quia
756 2230 827 2285 famu
840 2240 911 2296 erat,
930 2230 968 2285 di-

169 2308 254 2364 vitem
267 2325 357 2381 neque
366 2309 533 2364 serviturum
548 2319 622 2366 esse,
645 2321 694 2375 per
707 2305 887 2361 Nicomedem
901 2306 968 2362 bello

169 2383 383 2454 lacessiverunt,
406 2381 519 2438 socieris
533 2393 627 2433 eorum
643 2377 719 2433 haud
730 2381 873 2453 ignarum,
894 2391 921 2438 et
931 2397 967 2442 ea,

168 2477 241 2533 quoe
250 2459 384 2525 accidere,
400 2465 526 2513 testatum
538 2458 616 2507 antea
627 2451 782 2519 Cretenses,
798 2455 872 2511 solos
882 2457 969 2512 omni·

241 2536 246 2547 ·
705 2529 727 2582 Ρ
784 2547 905 2602 meeum.
925 2533 968 2587 At·

677 2604 682 2610 .
826 2603 833 2616 .
863 2621 879 2660 Ε
898 2663 900 2666 ,
921 2605 965 2668 uiis
