2070 3036
270 191 554 238 IUGURTIIINUM.
575 191 653 237 CAP.
671 191 705 236 39.
720 190 753 238 tu.
882 186 916 240 83

97 310 160 367 que
174 292 265 349 modis
278 291 410 349 omnibus
424 290 565 348 festinare.
605 291 736 357 Senatus,
758 294 795 349 ita
811 295 851 350 uti
867 312 916 368 par

98 371 203 434 fuerat,
215 369 349 432 decernit,
364 384 414 424 suo
425 375 507 441 etque
517 368 613 441 populi
624 369 735 424 iniussu
745 370 855 428 nullum
866 389 917 443 po-

98 448 193 501 tuisse
204 443 302 502 foedus
312 443 384 500 fieri.
406 443 522 508 Consul,
534 444 687 517 impeditus
698 461 713 500 a
723 445 844 502 tribunis
855 448 936 520 ple-q

1 511 2 572 l
98 522 164 583 bis,
177 538 224 586 ne,
236 537 307 593 quas
318 527 463 593 paraverat
474 520 581 592 copias,
593 536 688 574 seeum
698 529 830 592 portaret.
846 539 916 594 pau-

99 599 144 653 cis
156 595 258 652 diebus
268 597 297 652 iu
306 594 430 652 Africam
440 594 639 668 proficiscitur3
658 613 721 650 nam
735 598 916 654 omuis'exer-

100 677 185 737 citus,
193 675 235 728 uti
246 679 420 736 convenerat,
431 670 563 726 Numidia
574 669 720 735 deductus,
732 673 761 728 iu
771 673 916 743 provincia

99 749 255 806 hiemabat.
295 749 445 820 Postquam
455 763 487 803 eo
497 747 589 802 venit:
601 763 771 820 quamquam
784 749 915 823 persequi

1 839 2 842 ’
100 823 266 898 Iugurtham
278 832 304 879 et
315 823 419 878 mederi
435 821 569 879 fraternae
580 822 705 880 invidiae
716 823 825 880 animus
835 823 916 880 arde-

1 929 2 936 *
100 901 166 966 bat,
188 899 308 974 cognitis
322 898 474 964 mllitibus‚
494 907 683 971 quospraeter
697 897 804 974 fugam.
826 901 916 958 soluto

101 977 236 1050 imperio,
256 975 369 1030 licentia
379 982 462 1046 atque
473 973 587 1029 lasciuia
598 984 770 1047 corruperat,
791 993 825 1030 ex
838 977 915 1050 copia

101 1069 198 1109 rerum
209 1052 305 1108 statuit
318 1049 374 1105 sibi
388 1049 459 1106 nihil
473 1049 646 1123 agitandum.

161 1129 221 1184 XL.
242 1129 348 1183 Interea
362 1127 463 1182 Romae
478 1125 510 1182 C.
526 1125 667 1184 Mamilius
685 1126 846 1184 Limetanus
866 1130 916 1186 tri·-

102 1207 199 1262 bunus
209 1203 302 1276 plebis
313 1201 483 1276 rogationem
494 1200 529 1256 ad
539 1202 675 1274 populum
686 1204 854 1278 promulgat,
875 1205 915 1260 uti

102 1288 285 1355 quaereretur
299 1279 328 1334 in
341 1295 401 1342 ees,
421 1293 540 1350 quonum
551 1277 668 1336 consilio
677 1279 810 1353 Iugurtha
822 1280 916 1338 Seneti

102 1359 216 1414 decreta
226 1354 409 1428 neglexisset,
423 1351 579 1426 quiqueab
589 1371 621 1410 ee
631 1354 661 1409 in
672 1354 860 1428 legationibus
870 1366 918 1412 aut

104 1433 233 1507 imperiis
239 1431 372 1504 pecunias
383 1430 564 1502 accepissent,
577 1433 626 1501 qui
637 1429 917 1505 elephantos,quique

102 1508 238 1584 perfugas
247 1506 437 1570 tradidissent,
449 1506 516 1564 item
527 1506 576 1578 qui
586 1505 621 1560 de
631 1523 700 1578 pace
711 1517 757 1562 aut
768 1508 842 1565 bello
852 1525 916 1562 cum

104 1585 235 1642 hostibus
244 1583 386 1655 pactiones
396 1580 537 1638 fecissent.
568 1581 639 1636 Huic
649 1583 799 1655 rogationI,
814 1585 916 1655 partim

103 1661 210 1718 conscii
223 1660 289 1724 sibi,
302 1659 350 1714 alii
362 1676 395 1713 ex
406 1657 529 1730 partium
540 1656 649 1712 invidia
658 1658 916 1728 periculametuen·

103 1749 160 1804 tes,
178 1736 309 1808 quoniam
321 1743 414 1806 aperte
425 1733 553 1789 resistere
565 1746 619 1786 non
627 1740 767 1805 poterant,
785 1734 854 1805 quin
868 1734 917 1791 illa

103 1825 131 1872 et
146 1813 201 1870 alia
215 1811 282 1867 talia
294 1810 403 1883 placere
417 1808 474 1864 sibi
483 1807 647 1866 faterentur:
669 1808 776 1864 occulte
786 1826 836 1882 per
847 1811 918 1868 ami·

103 1907 165 1954 eos,
177 1905 209 1944 ac
219 1903 349 1944 maxume
362 1903 412 1959 per
423 1885 548 1940 homines
558 1883 679 1940 nominis
690 1883 781 1940 Latini
792 1893 819 1940 et
828 1887 918 1943 socios

104 1966 215 2023 italicos
225 1962 424 2036 impedimenta
433 1959 577 2034 parabant.
603 1959 658 2016 Sed
668 1961 780 2032 plebes,
795 1962 918 2018 Incredi-

43 2093 50 2106 ,
105 2043 164 2097 bile
172 2048 215 2096 est
225 2047 387 2104 memoratu,
403 2054 488 2110 quam
498 2040 603 2092 intenta
614 2035 706 2101 fuerit,
718 2045 877 2110 quantaque
888 2040 915 2092 vi

3 2121 6 2210 'y
105 2118 277 2192 rogationem
287 2114 413 2176 iruserit,
425 2113 594 2178 decreverit,
607 2113 739 2169 voluerit:
753 2112 843 2186 magis
853 2113 918 2170 odio

106 2193 273 2253 nobilitatis,
295 2189 340 2246 cui
351 2188 424 2245 mala
434 2189 483 2244 illa
494 2188 672 2262 parabantur.
691 2205 776 2261 quam
786 2206 851 2246 cura
862 2191 918 2246 rei·

105 2268 250 2344 publicae;
267 2275 341 2323 tanta
354 2265 451 2322 lubido
460 2264 490 2320 in
500 2265 628 2336 partibus
639 2272 706 2319 erat.
745 2264 834 2338 Igitur
844 2274 918 2324 eete-
951 2277 957 2286 ’

106 2351 144 2401 ris
155 2352 232 2401 metu
241 2342 388 2416 perculsis,
401 2343 438 2397 Μ.
446 2339 578 2404 Scaurus,
590 2356 675 2412 quem
683 2339 917 2413 legatumBestiae

106 2438 190 2494 supra
201 2419 360 2481 docuimus,
382 2417 454 2472 inter
465 2416 597 2472 laetitiam
607 2415 699 2488 plebis
711 2423 738 2472 et
748 2434 861 2475 suerum
873 2417 918 2474 lu-

5 2499 6 2514 *
106 2514 183 2572 gam.
203 2494 312 2567 trepida
328 2495 411 2548 etiam
426 2499 486 2548 tum
501 2493 627 2556 civitate,
648 2508 736 2564 quum
752 2511 786 2549 ex
799 2493 916 2551 Mamilii

5 2597 6 2648 4
107 2573 247 2646 rogatione
263 2577 318 2624 tres
333 2569 503 2642 quaesitores
521 2574 695 2641 rogarentur,
716 2567 854 2634 effecerat,
877 2569 917 2625 uti

106 2649 209 2722 ipsein
227 2662 388 2702 annumero
403 2649 552 2700 crearetur.
592 2641 647 2700 Sed
666 2648 792 2716 quaestio
810 2646 919 2702 exerei-

5 2709 7 2768 ἕ
107 2734 159 2782 tata
174 2738 273 2794 aspere
291 2721 481 2793 violenterque
496 2735 530 2775 ex
545 2737 654 2776 rumore
669 2721 839 2852 etdubbffline
856 2721 917 2794 ple-
