2058 3032
211 211 499 276 lucunuffliaum.
521 213 601 258 CAP.
620 213 730 260 ili—3⁰.
837 209 871 264 73

58 313 165 388 paratis
185 312 400 378 commeatibus,
430 315 529 368 aeriter
548 313 708 369 Numidiam
727 315 871 389 ingressus

8 417 11 466 Ι
59 397 115 454 est,
139 388 298 460 multosque
313 388 437 444 mortalis
452 397 479 444 et
493 388 577 444 urbes
598 390 703 462 aliquot
720 393 871 465 pugnando

59 483 90 520 ce
112 464 146 520 it.

80 481 221 595 ,pXXlX
238 539 293 594 Sed
304 539 353 594 ubi
364 540 496 613 Iugurtha
505 558 556 614 per
567 541 671 614 legatos
682 542 799 612 pecunia
810 551 872 599 ten-

8 629 9 666 t
60 627 129 682 tare,
137 615 272 686 bellique,
283 615 357 687 quod
368 615 588 681 administrabat,
596 617 771 688 asperitatem
779 627 873 674 osten-

8 677 9 722 i
61 693 128 748 dere
139 692 244 762 eoepit:
260 691 383 757 animus,
396 708 478 766 aeger
487 692 617 757 avaritia,
629 691 711 748 lacila
721 709 872 750 conversus

61 776 113 824 ast.
141 766 283 823 ⁴Ceterum
293 766 387 822 socius
397 775 425 823 at
434 767 598 827 administer
605 770 729 824 omnium
741 771 872 826 consilio-

61 861 124 899 rum
136 841 433 898 adsumiturScanrus:
446 847 496 915 qui
507 845 617 899 tametsi
627 861 642 898 a
652 845 802 918 principio,
811 847 873 919 ple-

60 921 158 991 risque
173 935 209 974 ex
223 917 341 974 factione
361 919 422 973 eius
440 920 591 992 corruptis,
618 936 759 976 acerrume
779 939 872 995 regem

60 998 288 1069 impugnaverat,
310 1002 402 1049 tamen
417 994 610 1068 magnitudine
622 997 757 1068 pecuniae
771 1014 786 1052 a
800 997 873 1053 bono

61 1073 233 1141 honestoque
247 1071 277 1125 in
290 1086 409 1142 pravum
419 1069 573 1127 abstractus
584 1079 635 1126 est.
676 1071 732 1129 Sed
740 1073 873 1148 Iugurtha

60 1147 185 1220 primurn
196 1144 385 1201 tantummodo
396 1144 464 1202 belli
474 1163 578 1201 moram
589 1146 752 1214 redimebat,
765 1150 874 1205 existu-

61 1241 157 1287 mans,
178 1238 240 1277 sese
254 1221 366 1278 interim
385 1221 493 1294 aliquid
504 1223 605 1278 Romae
619 1225 708 1296 pretio
724 1233 770 1280 aut
784 1226 873 1299 gratia

62 1299 239 1356 effecturum:
270 1305 366 1370 postea
384 1313 451 1354 vero
475 1314 560 1371 quam
582 1300 747 1371 participem
768 1301 872 1374 negotii

61 1377 199 1432 Scaurum
210 1374 331 1446 aceepit,
345 1374 376 1428 in
385 1390 545 1429 maxumam
556 1391 634 1447 spem
644 1375 781 1431 adductus
793 1393 870 1431 recu-

61 1449 202 1524 perandae
212 1450 303 1522 pacis,
319 1450 416 1505 statuit
424 1466 488 1505 cum
499 1450 539 1505 eis
550 1449 584 1504 de
594 1451 724 1506 omnibus
735 1451 873 1524 pactioni·

61 1530 117 1584 bus
137 1542 269 1599 praesens
289 1541 381 1599 agere.
421 1525 548 1581 Ceterum
567 1525 671 1581 interea
692 1525 756 1582 fidei
775 1543 873 1582 caussa

62 1602 184 1660 mittitur
198 1619 213 1656 a
228 1600 347 1657 Consule
363 1600 476 1656 Sextius
486 1600 620 1668 Quaestor
634 1603 664 1656 in
678 1601 814 1674 oppidum
827 1602 874 1656 lu-

60 1677 307 1754 gurtbaollagam:
330 1677 410 1732 onius
426 1677 467 1732 rei
482 1675 590 1748 species
605 1685 663 1732 erat
678 1679 800 1748 acceptio
815 1677 873 1732 lru-

61 1755 164 1818 menti,
186 1752 261 1826 quod
272 1752 439 1826 Calpurnius
454 1752 546 1825 palam
562 1751 661 1826 legatis
674 1752 871 1824 imperaverat:

59 1831 194 1904 quoniam
206 1828 355 1884 deditionis
367 1845 440 1882 mora
452 1827 582 1883 induciae
592 1827 776 1902 agitabantur.
816 1828 874 1901 lgi-

59 1918 107 1964 tur
116 1922 181 1970 rex,
202 1906 244 1960 uti
254 1905 446 1969 constituerat,
466 1904 495 1958 in
510 1911 599 1959 castra
613 1903 705 1972 venit3
728 1920 760 1958 ac
773 1921 871 1976 pauca,

61 1983 204 2056 praesenti
215 1980 346 2043 consilio,
360 1979 467 2034 locutus
478 1978 513 2034 ds
523 1978 632 2034 invidia
641 1978 707 2034 iacti
718 1981 777 2044 sui,
791 1987 873 2051 atque

61 2059 104 2115 uti
114 2057 145 2112 in
159 2055 329 2112 deditionem
340 2056 525 2126 acciperetur,
547 2055 655 2127 reliqua
671 2071 735 2110 oum
746 2055 836 2110 bestia
847 2063 875 2109 et

61 2135 169 2191 Scauro
178 2139 283 2187 secreta
294 2130 436 2204 transigit:
458 2130 523 2186 dein
533 2139 644 2203 postero
654 2129 715 2196 die,
731 2131 812 2203 quasi
823 2148 873 2203 per

61 2219 186 2266 saturam
197 2207 343 2263 sententiis
353 2205 516 2278 exquisitis,
539 2208 569 2262 in
583 2205 753 2262 deditionem
769 2207 874 2280 accipi-

62 2296 118 2343 tur.
150 2283 220 2348 Sed,
231 2284 273 2338 uti
283 2299 334 2355 pro
345 2281 461 2337 oonsilio
470 2283 638 2355 imperatum
648 2289 718 2347 erat,
731 2282 873 2355 elephanti

62 2360 192 2436 triginta,
211 2375 298 2432 pecus
309 2367 392 2431 atque
402 2359 468 2428 equi
477 2357 573 2424 multi,
596 2374 659 2414 cum
668 2373 755 2431 parvo
766 2360 873 2432 argenti

62 2435 187 2512 pondere
206 2433 350 2502 Quaestori
369 2431 525 2488 traduntur.
569 2433 738 2508 Calpurnius
759 2435 874 2490 Romam

63 2513 97 2569 ad
114 2511 294 2586 magistratus
311 2507 448 2582 rogandos
460 2509 656 2580 proficiscitur.
695 2511 726 2564 In
741 2509 873 2564 Numidia

62 2599 89 2646 et
98 2587 225 2645 exercitu
235 2593 327 2641 nostro
337 2601 393 2658 pax
403 2583 568 2657 agitabatur.

121 2663 215 2720 XXX.
238 2662 387 2732 Postquam
406 2676 450 2714 res
470 2661 499 2714 in
520 2658 612 2716 Africa
631 2669 736 2735 gestas,
763 2675 873 2730 quoque

63 2741 147 2798 modo
156 2747 233 2795 actae
242 2735 340 2802 forent,
351 2736 423 2790 lama
434 2733 601 2808 divolgavit3
614 2735 715 2792 llomae
726 2751 774 2806 per
782 2736 865 2788 omni
