2070 3036
175 172 209 226 et
331 179 358 224 c.
379 177 434 223 cn.
455 177 661 224 esnnusnu
680 177 834 222 annuum

176 297 206 336 ee
225 287 316 342 eraut,
346 280 479 352 strepitu,
510 278 588 334 velut
606 277 699 334 hostes
718 276 886 348 adventare,
915 279 992 336 alteri

176 353 252 428 opud
266 354 366 411 alteros
381 353 559 411 formidinem
572 352 657 408 simui
672 361 699 409 at
713 354 868 410 tumultum
887 354 990 412 iacere:

176 439 202 486 et
214 447 301 503 paene
314 429 500 503 imprudentia
512 425 606 504 [esset]
619 428 774 484 admissum
785 429 898 486 facinus
908 433 993 487 mise·

177 506 278 570 rehiia,
300 507 329 562 ui
343 505 483 577 utrimque
502 505 650 576 praemissi
665 503 773 576 equites
788 521 847 560 rem
864 507 992 581 exploro-

178 583 292 638 visseut.
333 582 420 655 igitur
429 597 479 653 pro
489 588 564 636 metu
575 588 688 653 repente
697 579 835 654 gaudium
849 592 989 651 exortum;

178 658 281 714 milites
292 656 365 713 aiiue
376 656 462 711 alium
473 654 538 711 laeti
550 655 701 729 appellant,
714 663 773 714 nota
785 656 992 732 edocentatque

176 733 307 800 audiunt3
338 749 388 788 sua
407 731 527 803 quisque
549 729 629 787 fortia
648 730 720 788 facta
740 731 775 788 ad
796 732 910 790 eoelum
929 733 991 789 fert.

175 809 285 882 Quippe
299 826 344 866 res
359 807 495 866 humanae
511 808 547 862 ita
563 824 624 862 sese
640 805 756 866 habent:
776 808 807 863 in
817 809 937 864 victoria
948 811 992 864 vel

177 885 287 960 ignavie
297 883 410 958 gloriari
421 883 499 950 lieet;
511 881 643 938 adversae
654 899 699 938 res
710 883 794 940 etiam
804 883 994 940 bonosdetre-

175 967 259 1018 etant.
426 1001 432 1012 .

230 1035 298 1092 uv.
324 1032 467 1100 Metellus,
487 1033 517 1089 in
533 1030 634 1088 iisdem
650 1031 748 1088 eastris
762 1033 915 1105 quatriduo
934 1055 996 1093 mo-

175 1119 264 1174 ratus,
286 1109 396 1166 saucios
410 1124 476 1164 oum
490 1125 557 1164 oum
570 1106 672 1174 reiicit,
693 1109 806 1164 meritos
825 1109 856 1166 iu
874 1113 996 1184 praeliis

175 1203 248 1244 ruore
270 1184 387 1240 militiae
405 1182 502 1249 donat,
529 1183 675 1240 universos
695 1183 726 1238 in
740 1185 874 1241 oonoione
896 1187 995 1244 laudat

174 1271 256 1335 atque
272 1259 329 1334 a'git
342 1260 461 1334 gratiam
487 1258 625 1326 hortatur,
647 1258 682 1314 ad
698 1268 802 1326 cetera,
823 1278 897 1334 quae
918 1263 994 1320 levia

174 1345 252 1400 sunt,
274 1351 369 1409 parem
385 1335 510 1392 animum
526 1342 636 1408 gerant:
656 1351 707 1408 pro
723 1336 840 1392 victoria
855 1339 926 1394 satis
937 1341 993 1396 iam

174 1420 342 1488 pugnatum,
357 1410 480 1484 reliquos
491 1410 599 1468 labores
609 1426 660 1484 pro
669 1409 772 1484 praeda
784 1410 853 1468 iore.
885 1415 992 1472 Tamen

175 1488 285 1546 interim
295 1486 453 1563 transfugas
469 1496 497 1544 et
508 1486 577 1543 aiios
586 1494 771 1560 opportunos,
793 1489 931 1564 Iugurtha
942 1493 992 1547 ubi

173 1564 313 1641 gentium,
335 1572 383 1622 aut
395 1562 466 1637 quid
476 1563 605 1638 agitaret,
627 1579 690 1618 curn
700 1564 835 1635 paucisne
845 1575 934 1634 esset,
958 1587 991 1622 an

173 1641 329 1709 exereitum
338 1639 466 1706 haberet,
488 1638 702 1696 utieeeeviotus
714 1648 837 1713 gereret,
859 1642 993 1715 explora-
1023 1654 1024 1710 t

173 1728 233 1776 tum
253 1717 340 1776 misit.
379 1717 415 1776 ht
434 1715 484 1774 ille
503 1732 565 1772 sese
583 1716 612 1769 in
633 1714 692 1770 ioca
706 1714 828 1772 saltuosa
846 1725 873 1772 et
892 1728 993 1774 natura
1023 1711 1024 1746 ¹

174 1795 280 1852 munita
289 1801 442 1866 receperat,
454 1791 594 1865 ibiqueoo
615 1787 679 1847 ebat
688 1789 856 1856 exereitum,
872 1810 994 1850 numero

173 1868 497 1942 hominumampiiorem,
508 1865 558 1923 sed
569 1866 604 1922 he
626 1875 698 1922 etem
707 1865 918 1941 infirmumque,
930 1875 992 1946 agri

172 1962 205 2001 ao
214 1945 323 2019 pecoris
334 1945 437 2018 magis,
450 1959 533 2015 quam
544 1940 612 1998 belli
622 1984 629 2007 ,
640 1942 784 2000 cultorem.
813 1943 845 1999 ld
856 1961 888 2000 ea
900 1948 990 2020 gratia

173 2021 331 2088 eveniebat,
345 2019 421 2093 quod
431 2026 539 2091 praeter
549 2018 641 2092 regios
652 2017 760 2092 equites
771 2036 852 2076 nemo
861 2023 990 2078 omnium

173 2097 356 2154 Numidarum
372 2113 407 2152 ex
422 2093 489 2168 iuga
503 2110 598 2170 regem
614 2096 755 2167 sequitur3
778 2112 834 2170 quo
847 2098 990 2171 cuiusque

172 2171 283 2230 animus
294 2171 395 2238 iert,eo
406 2169 567 2228 discedunt:
581 2187 672 2244 neque
683 2170 713 2226 id
724 2169 861 2246 flagitium
869 2173 990 2231 miiitiae

171 2246 298 2306 duoitur:
320 2249 359 2304 ita
373 2264 404 2302 se
417 2263 507 2304 mores
521 2245 635 2305 habent.
675 2249 762 2323 Igitur
772 2247 916 2316 Metellus,
937 2251 988 2305 uhi

173 2321 249 2380 videt
259 2325 342 2380 etiam
352 2331 412 2380 tum
426 2323 501 2398 regie
516 2323 641 2379 animum
653 2323 770 2378 ieronem
782 2340 856 2392 esse3
878 2323 988 2382 bellurn

172 2399 313 2463 renovari,
325 2398 416 2471 quod,
428 2399 483 2455 nisi
494 2416 530 2456 ex
539 2398 617 2456 iilius
629 2397 770 2464 lubidine,
782 2401 843 2474 geri
854 2417 909 2458 non
922 2419 988 2475 pos-

171 2483 226 2543 eet;
248 2482 390 2547 praeterea
407 2475 537 2548 iniquum
552 2483 688 2531 certamen
699 2471 755 2528 sihi
766 2490 831 2532 oum
841 2474 984 2542 hostibus;

172 2550 277 2606 minore
290 2548 457 2607 detrimento
475 2551 539 2606 ilios
553 2550 642 2611 vinoi,
670 2563 753 2618 quam
774 2567 840 2616 suos
857 2553 984 2610 vincere:

171 2625 279 2690 statuit,
292 2625 346 2678 nori
356 2624 472 2692 praeliis
483 2641 573 2696 neque
585 2623 613 2677 in
624 2621 697 2683 acie,
709 2623 758 2678 sed
770 2624 825 2680 aiio
837 2643 914 2684 more
926 2629 987 2685 hel-

172 2701 230 2760 ium
239 2695 404 2775 gerundum.
443 2699 539 2768 Itaque
555 2697 583 2753 in
594 2694 741 2752 Numidiae
757 2698 814 2754 looa
827 2703 988 2774 opulentis-
