2058 3032
130 177 164 230 It
282 181 312 228 υ.
334 180 389 226 cu,
411 179 617 226 santus'rrr
636 178 789 223 nuttam

132 281 248 348 auisset,
270 280 300 338 id
315 282 374 356 ogi,
398 281 438 336 uti
456 296 505 353 per
523 297 628 354 paucos
647 277 775 336 factiosos
789 279 950 353 Iugurthae

131 359 223 416 scelus
234 357 443 422 condonaretur,
450 356 572 430 proiecto
582 357 673 412 omnis
683 354 792 411 Invidia
800 355 950 426 prolatan-

132 433 177 492 dis
191 432 441 490 consultationibus
456 431 566 505 dilapsa
581 431 662 500 foret3
688 438 762 486 tanta
777 431 822 485 vis
837 431 951 503 gratiae

133 519 215 584 atque
230 507 365 583 pecuniae
380 507 454 581 regis
468 516 536 564 crat.
576 507 632 563 Sed
648 505 697 562 ubi
707 505 827 561 Senatus
846 505 949 562 delicti

133 585 302 644 couscientia
316 583 451 657 populum
467 584 558 652 timet,
582 583 643 656 lege
654 581 816 653 Sempronia
827 582 951 654 provin-

133 661 193 719 olae
204 660 305 717 laturis
315 657 496 723 Consulibus,
519 658 651 714 Numidia
664 666 747 729 atque
757 656 836 712 ltalia
847 656 950 712 decre·

134 747 191 794 tae:
214 735 347 794 Consules
362 733 494 790 declarati
509 733 540 788 P.
556 732 652 806 Scipio
667 733 780 797 Nasica,
806 733 838 788 I.
853 732 949 787 Bestia

135 811 316 886 Calpurnium
338 807 645 882 NumidiaCalpurnio,
668 807 793 880 Scipioni
804 807 886 863 ltalia
895 807 950 862 ob-

135 888 222 945 venit.
261 885 366 943 Deinde
376 885 529 950 exercitus,
546 884 596 956 qui
606 885 637 938 iu
646 882 768 939 Africam
777 891 948 955 portaretur,

134 963 280 1022 scribitur:
293 959 463 1034 stipendium
474 961 594 1032 aliaque,
604 975 676 1031 quae
684 959 759 1015 hello
768 959 834 1013 usui
845 957 949 1024 forent,

135 1039 332 1096 decernuntur.

192 1111 313 1170 XXVIII.
334 1111 368 1166 It
382 1110 529 1184 Iugurtha,
551 1118 645 1166 contra
658 1126 736 1183 spem
753 1111 856 1166 nuncio
866 1127 948 1168 acce·

136 1195 197 1263 pto,
215 1189 320 1259 quippe
330 1186 390 1251 oui,
407 1187 508 1243 Romae
518 1186 612 1243 omnia
622 1202 726 1242 venum
736 1185 792 1252 ire,
813 1187 842 1242 in
853 1188 949 1246 animo

137 1265 276 1329 haeserat,
299 1260 387 1316 lilium
398 1271 424 1318 et
438 1278 502 1322 cum
514 1279 546 1319 eo
557 1262 626 1318 duos
643 1260 794 1318 familiares
810 1262 845 1320 ad
859 1263 951 1320 Sena-

138 1347 196 1396 tum
207 1338 310 1411 legatos
321 1336 418 1393 mittit:
435 1338 550 1410 hisque,
565 1338 607 1394 uti
619 1337 691 1402 illis,
706 1353 777 1410 quos
787 1339 950 1412 Hiempsale

137 1411 281 1472 interiecto
292 1413 418 1476 miserat,
438 1416 593 1487 praecepit,
612 1430 709 1470 omnes
720 1415 850 1471 mortales
860 1433 947 1488 pecu-

138 1491 184 1548 nia
199 1507 234 1565 ag
269 1487 406 1544 odiantur.
446 1487 500 1556 Qui
519 1499 665 1563 postquam
679 1491 794 1546 Romam
813 1490 950 1549 adventa-

138 1566 214 1633 bant,
251 1573 348 1620 enatus
358 1581 373 1620 a
383 1564 474 1620 Bestia
484 1565 627 1640 consultus
638 1573 688 1631 est,
702 1565 859 1640 placeretne
870 1567 949 1643 lega-

139 1651 179 1699 tos
193 1641 343 1716 Iugurthae
360 1640 446 1713 recipi
460 1641 620 1710 moenibus;
641 1643 719 1714 iique
734 1641 896 1700 decrevere:
919 1647 946 1700 ni

138 1733 256 1793 reguum
271 1717 420 1790 ipsumque
433 1715 561 1772 deditum
570 1719 726 1783 venissent,
747 1719 788 1774 uti
803 1720 832 1775 iu
846 1718 947 1777 diebus

139 1793 284 1864 proxumis
296 1791 391 1848 decem
400 1792 479 1848 ltalia
490 1791 664 1847 decederent.
704 1793 807 1849 Consul
818 1793 948 1852 Numidis

138 1885 174 1922 ex
184 1867 279 1924 Senati
294 1867 404 1923 decreto
419 1866 545 1922 nunciari
561 1866 648 1921 iubet.
688 1867 726 1923 Ita
741 1869 853 1925 infectis
864 1871 949 1928 rebus
1018 1927 1019 1932 ,

139 1942 181 1998 illi
198 1941 311 1998 domum
326 1940 483 1998 discedunt.
523 1940 636 1996 Interim
652 1940 833 2014 Calpurnius,
854 1956 948 2017 parato
1018 1951 1019 1970 ²

139 2017 278 2083 exercitu,
294 2017 368 2092 legat
377 2016 433 2072 sibi
445 2015 571 2072 homiues
582 2016 699 2084 nobilis,
716 2017 859 2086 factiosos,
878 2037 949 2095 quo-

140 2109 201 2146 rum
212 2093 385 2158 auctoritate,
406 2109 478 2164 quae
493 2092 673 2164 deliquisset,
695 2096 801 2152 munita
816 2095 874 2152 iore
884 2115 949 2170 spe-

141 2165 231 2223 rabat:
245 2169 273 2223 in
284 2171 348 2240 quls
360 2165 412 2223 luit
422 2165 557 2233 Scaurus,
570 2168 652 2224 cuius
662 2168 698 2225 de
708 2178 840 2228 naturast
850 2171 947 2231 habitu

138 2257 224 2315 supra
243 2242 467 2299 memoravimus.
506 2243 577 2298 Nam
590 2244 620 2299 iu
631 2244 750 2302 Consule
768 2256 860 2303 nostro
875 2251 948 2306 mul-

139 2325 182 2373 tae
202 2317 345 2390 bonaeque
365 2326 436 2373 artes
456 2319 542 2373 culmi
563 2328 590 2375 et
608 2320 731 2393 corporis
752 2332 842 2388 erant,
878 2341 947 2398 quas

139 2409 234 2450 omnes
245 2393 582 2466 avaritiapraepediebat;
604 2397 713 2468 patiens
729 2394 869 2465 laborum,
891 2403 947 2457 acri

141 2469 267 2542 iugenIo,
282 2469 349 2524 satis
360 2467 525 2541 providens,
541 2470 609 2526 belli
620 2470 695 2527 haud
706 2471 834 2544 ignarus,
847 2475 948 2532 firmis—

142 2552 338 2600 sumuscontra
353 2544 477 2614 pericula
487 2545 651 2602 etinsidias.
691 2546 745 2601 Sed
762 2549 884 2623 legiones
898 2569 948 2625 par

143 2620 248 2676 ltaliam
258 2618 404 2692 Rhegium.
420 2626 502 2689 atque
513 2619 579 2675 indo
590 2619 725 2685 Siciliam,
739 2640 819 2692 porro
830 2641 865 2682 ex
875 2625 947 2684 Sici-

147 2695 183 2752 lia
195 2697 222 2753 in
234 2695 348 2754 Africam
358 2701 539 2748 transvectos.
579 2695 666 2767 Igitur
677 2694 844 2767 CalpurnIus
857 2701 943 2767 initia,
