2070 3036
157 210 203 276 lot
299 229 325 276 c.
347 219 403 276 cn.
426 219 633 276 senncsrrr
653 222 807 277 anutuu

154 331 296 466 tltllt
309 340 352 464 il
366 330 955 481 bttttlttlttttt‘ttttttt

154 495 278 558 poscant.
319 485 366 542 Sic
380 503 396 541 a
411 484 507 540 multis
520 484 563 556 illi
574 483 738 540 mortalibus
748 483 954 542 honestissuma

154 561 349 638 suffragatione
367 561 526 618 consulatus
546 554 705 632 petebaturss
729 561 815 617 simul
834 579 867 618 ea
886 572 955 618 tern-

154 650 259 712 pestate
270 639 381 711 plebes,
402 637 547 694 nobilitate
558 635 619 692 lusa
629 654 679 710 per
689 636 780 710 legem
791 639 954 706 Mamiliam,

155 732 240 773 novos
251 714 410 773 extollebat.
451 714 489 769 lta
503 713 867 788 Marioounctnprocedere.

210 866 306 923 LXVI.
318 866 430 923 Interim
439 865 583 940 Iugurtha,
594 873 751 938 postquam,
760 868 865 922 omissa
876 866 959 924 dedi-

155 944 238 1008 tione,
252 943 357 999 bellum
367 942 477 1014 incipit,
488 959 551 998 oum
562 958 662 1016 magna
671 958 736 998 cura
745 959 842 1015 parare
851 945 959 1010 omnia,

155 1019 301 1086 festinare,
321 1037 353 1076 oo
373 1037 419 1076 ere
436 1020 602 1075 exercitum:
628 1017 769 1084 civitates,
790 1035 863 1091 quae
876 1019 913 1076 ab
929 1038 961 1078 ee

155 1095 325 1162 defecerant,
350 1037 499 1152 brmidine
514 1103 561 1150 aut
573 1093 735 1150 ostentando
751 1095 876 1167 praemia
891 1095 962 1152 affe-

155 1181 243 1229 ctare:
259 1173 431 1228 communire
439 1188 505 1229 suos
517 1172 604 1236 locos,
620 1188 709 1236 arma,
721 1172 790 1237 tela,
803 1171 872 1237 alia,
884 1189 962 1246 quae

155 1265 205 1320 spe
215 1253 291 1320 pacis
303 1249 446 1314 amiserat,
456 1248 569 1304 reficere
580 1255 626 1303 out
636 1248 829 1304 commercari:
841 1249 963 1306 servitia

155 1323 338 1381 Romanorum
353 1325 479 1392 allicere,
501 1333 583 1382 eteos
597 1325 687 1397 ipsos,
707 1324 796 1396 quiin
806 1324 964 1396 praesidiis

156 1412 246 1467 erant,
259 1402 376 1474 pecunia
388 1410 505 1459 tentore:
518 1417 631 1476 prorsus
642 1399 714 1455 nihil
722 1401 856 1456 intactum
867 1417 965 1474 nequo

156 1479 281 1550 quietum
292 1477 363 1551 pati:
377 1488 476 1536 cuncta
486 1478 601 1552 agitare.
641 1477 888 1552 IgiturVagennes,
901 1495 964 1551 quo
1014 1473 1019 1490 “

155 1554 283 1611 Metellus
302 1555 397 1622 initio,
426 1554 559 1630 Iugurtha
576 1551 754 1627 pacificante,
783 1553 964 1626 praesidium

156 1631 341 1705 imposuerat,
364 1631 471 1710 fatigati
489 1632 563 1706 regis
583 1629 745 1702 suppliciis,
764 1645 856 1702 neque
878 1639 964 1688 antea

156 1708 297 1764 voluntate
308 1708 435 1775 alicnati,
450 1709 591 1782 principes
602 1706 723 1762 civitatis
734 1706 806 1761 iuter
817 1723 848 1762 so
859 1707 964 1764 coniu-

155 1794 229 1840 rant:
252 1802 316 1840 nam
326 1785 439 1860 volgus,
461 1785 501 1839 uti
512 1785 677 1856 plerumque
686 1781 769 1846 solet,
786 1790 813 1838 et
826 1800 964 1841 maxume

155 1859 353 1926 Numidarum,
369 1861 483 1935 ingenio
496 1859 607 1923 mobili,
629 1857 793 1914 seditiosum
804 1867 888 1931 atque
899 1859 972 1916 din-2

156 1935 314 1993 cordiosum
324 1945 394 2001 erat,
411 1934 546 2008 cupidum
556 1951 690 1990 novarum
706 1951 812 1999 rerum,
829 1937 922 2007 quieti
933 1947 965 1994 et

156 2013 211 2067 otio
222 2012 383 2069 adversum:
406 2011 485 2076 dein,
507 2011 668 2082 compositis
681 2009 792 2066 interne
804 2011 906 2076 rebus,
929 2013 965 2069 in

82 2134 85 2140 .
157 2085 231 2144 diem
242 2090 354 2144 tertium
365 2087 548 2154 constituuut;
561 2085 636 2158 quod
647 2087 681 2150 is,
691 2086 777 2142 festus
786 2086 965 2144 celebratus-

156 2179 211 2234 que
222 2182 271 2237 per
281 2181 390 2220 omnem
400 2162 535 2228 Africam,
551 2162 648 2218 ludum
663 2171 690 2218 et
701 2163 845 2218 lasciviam
856 2165 962 2238 magis,

156 2253 244 2309 quam
253 2240 443 2305 formidinem,
454 2239 617 2295 ostentabat.
645 2237 700 2294 Sed
712 2238 760 2293 ubi
771 2247 881 2312 tempus
894 2239 962 2307 luit,

157 2317 332 2371 centuriones
351 2316 534 2386 tribunosque
553 2315 683 2370 militaris
698 2323 724 2370 et
738 2315 832 2386 ipsum
848 2315 964 2388 praele—

132 2443 142 2464 α
156 2398 231 2445 ctum
241 2391 350 2463 oppidi,
366 2393 398 2447 T.
410 2391 567 2463 Turpilium
578 2389 715 2454 Silanum,
727 2391 799 2445 alius
809 2390 897 2446 alium
909 2393 964 2450 do—

156 2473 216 2522 ntoe
234 2483 300 2521 suas
315 2468 446 2522 invitant:
474 2483 521 2521 eos
535 2469 639 2531 omnis,
663 2475 771 2537 praeter
787 2468 960 2540 Turpilium,

158 2544 229 2612 iuter
240 2543 336 2615 epulas
346 2542 524 2598 obtruncant:
544 2553 637 2615 postea
650 2540 752 2596 milites
762 2543 893 2614 palantis,
915 2545 962 2600 iu-

159 2635 261 2684 ormes,
281 2619 386 2690 quippe
401 2618 429 2672 in
446 2616 493 2672 tali
509 2617 569 2681 die,
591 2617 692 2672 aesino
703 2616 835 2688 imperio,
857 2637 960 2694 aggre-

159 2696 283 2754 diuntur.
322 2691 397 2747 ldem
411 2691 508 2764 plebes
524 2691 603 2755 lacit,
626 2707 690 2762 pars
705 2691 795 2747 edocti
806 2693 842 2748 ab
853 2696 961 2752 nobili·

160 2782 228 2843 tute,
249 2772 297 2830 alii
310 2767 401 2826 studio
421 2768 519 2824 talium
539 2781 632 2821 rerum
647 2765 768 2822 incitati:
791 2770 873 2840 quis,
898 2781 961 2830 acta
