2070 3036
188 227 475 276 tucuurutuuu.
496 229 578 278 car.
601 230 735 279 act-art.
812 225 858 281 ttt

39 350 141 408 quam
164 329 368 394 munificentia,
393 331 484 397 vinei,
508 334 602 386 miuus
622 328 789 406 flagitiosum
809 344 859 391 ast.

40 413 187 468 Ceterum
199 406 234 462 dc
244 405 387 480 republica
398 418 503 472 vestra,
519 407 601 462 cuius
611 405 667 462 huc
678 411 862 466 curatcrmia-

41 503 161 552 susas,
184 484 282 556 paucis
298 483 402 556 accipe.
441 483 548 538 Bellum
564 498 615 556 ego
629 483 732 555 populo
741 485 862 542 Romano

43 578 149 634 neque
161 558 227 622 feci,
243 575 333 631 neque
343 558 446 628 iactum
456 575 590 631 umquam
601 557 690 615 votui:
713 558 776 615 finis
786 577 861 617 meos

43 639 209 694 adversum
230 643 347 690 armatas
366 635 452 690 armis
469 642 573 692 tutatus
591 650 665 689 sum.
704 634 736 690 id
755 637 859 702 amitto,

42 709 425 786 quandovobisitaplacet:
446 711 548 784 gerite,
570 709 612 765 uti
627 709 721 775 voltis,
742 712 862 767 cumlu·

44 789 159 864 gurtha
171 787 288 842 bellum.
327 787 386 861 Ego
397 783 500 842 flumen
510 784 685 850 Mulucham,
704 785 779 859 quod
790 787 861 844 inter

45 885 94 921 me
107 873 138 920 et
149 863 296 934 Micipsam
307 861 374 928 iuit,
386 878 439 916 non
451 861 592 936 egrediar,
605 877 695 933 neque
705 863 807 920 intrare
816 864 861 920 Iu·

43 941 188 1015 gurtham
200 939 301 994 sinam.
339 939 480 994 Praeterea
495 936 520 992 si
534 935 603 1009 quid
615 953 714 1010 meque
725 937 862 1012 vobisque

45 1020 178 1092 dignum
187 1015 335 1087 petiveris,
355 1013 430 1069 haud
439 1011 569 1086 repulsus
580 1010 710 1067 abiatar

112 1091 187 1148 CXI.
208 1090 251 1145 Ad
266 1108 296 1146 ea
312 1089 389 1144 Sulla
404 1107 455 1162 pro
468 1106 500 1144 sa
512 1086 634 1144 breviter
646 1095 674 1144 et
684 1089 806 1157 modice,
827 1091 862 1148 ds

47 1185 125 1241 praee
137 1165 209 1222 etde
221 1164 415 1222 communibus
428 1163 512 1220 rebus
522 1163 618 1220 multis
628 1164 771 1222 disseruit.
810 1167 862 1223 De-

48 1247 144 1318 nique
156 1243 215 1315 regi
227 1241 369 1314 patefecit,
393 1240 491 1313 „quod
501 1239 678 1313 polliceatur,
694 1241 824 1299 Senatum
835 1251 862 1300 at

48 1319 196 1394 populum
206 1319 372 1383 Romanum,
388 1317 519 1389 quoniam
530 1315 651 1388 amplius
661 1318 746 1373 armis
755 1317 862 1374 valuis-

49 1404 133 1458 sent,
156 1411 210 1450 ncn
221 1394 376 1467 ingratiam
388 1392 545 1448 habituros:
568 1391 731 1450 faciundum
741 1394 859 1466 aliquid,

49 1471 134 1547 quod
145 1470 258 1526 iliorum
269 1470 371 1543 magis,
388 1485 472 1541 quam
482 1486 546 1533 sua,
566 1468 694 1525 retulisse
705 1469 859 1542 videretur;

49 1551 81 1605 id
94 1547 170 1604 adeo
180 1545 208 1600 iu
219 1557 348 1618 promptu
358 1562 432 1610 esse,
452 1544 584 1617 quoniam
594 1544 743 1617 iugurthae
753 1548 861 1620 copiam

53 1625 189 1689 haberem
212 1638 295 1693 quem
306 1622 330 1676 si
342 1620 470 1677 Romanis
480 1618 654 1684 tradidisset,
675 1618 746 1686 iore,
765 1623 806 1677 uti
818 1622 860 1678 itti

52 1700 215 1774 plurimum
226 1696 387 1766 deberetur;
404 1695 569 1760 amicitiam,
586 1693 698 1760 foedus,
713 1697 861 1755 Numidiae

50 1785 266 1850 partemquam
276 1789 350 1829 nuuc
360 1780 474 1844 peteret,
487 1779 552 1826 tunc
562 1769 635 1827 ultro
646 1771 859 1830 adventuram‘·

51 1855 115 1908 Rex
128 1849 220 1923 primo
230 1849 366 1922 negitare:
380 1847 551 1912 affinitatem,
563 1848 768 1921 cognationem,
780 1866 861 1921 praa-

53 1938 132 1984 terea
144 1924 243 1980 foedus
253 1924 448 1980 intervenisse:
471 1922 507 1979 ad
520 1922 572 1979 hoc
585 1933 720 1990 metuere,
742 1940 777 1981 ne
788 1923 861 1982 fluxa

55 2003 113 2058 fide
125 2018 209 2064 usus,
229 2000 405 2073 popularium
416 2000 523 2055 animos
532 2007 679 2064 averteret,
700 2005 765 2072 quis
779 2010 806 2057 et
815 2003 862 2058 lu-

53 2077 162 2154 gurtha
172 2093 266 2140 carus,
282 2085 309 2131 et
319 2077 433 2131 Romani
442 2076 528 2131 invisi
539 2083 626 2132 eraut.
665 2077 789 2150 Denique
800 2095 862 2134 sae·

53 2155 125 2229 pius
137 2151 268 2224 fatigatus
279 2152 394 2215 lenitur,
417 2159 445 2207 et
459 2168 494 2206 ax
511 2152 651 2208 voluntate
660 2151 755 2209 Sullae
768 2155 860 2212 omnia

53 2249 86 2287 se
98 2228 238 2285 facturum
248 2225 392 2299 promittit.
433 2226 561 2284 Ceterum
571 2226 606 2284 ad
615 2228 801 2284 simulandam
812 2247 862 2303 pa·

54 2323 136 2372 cem,
162 2303 244 2359 cuius
258 2301 393 2366 Numida,
414 2301 541 2360 defessus
561 2304 649 2369 bello,
671 2304 862 2362 avidissumus

55 2389 130 2446 erat,
152 2396 223 2450 quae
233 2378 313 2434 utilia
325 2378 397 2443 visa,
420 2380 601 2436 constituunt.
639 2380 691 2445 lta,
710 2383 861 2456 composita

54 2458 137 2520 doio,
153 2454 358 2529 digrediuntur.

117 2531 200 2588 cxu.
221 2529 256 2586 tt
266 2548 315 2587 rex
325 2538 433 2602 postero
444 2530 490 2586 die
500 2529 647 2602 Asparem,
662 2531 811 2605 Iugurthae
821 2531 861 2586 le-

55 2622 135 2672 tum,
158 2606 280 2679 appellat
294 2606 432 2678 dicitque:
455 2606 511 2660 sibi
523 2623 574 2678 per
586 2605 719 2662 Dabarem
735 2625 768 2663 ex
783 2605 858 2662 Sulla
912 2610 922 2621 '

55 2684 218 2760 cognitum,
232 2699 313 2762 posse
327 2682 533 2739 conditionibus
544 2681 649 2736 balium
660 2683 740 2755 poni:
761 2697 814 2754 qur

56 2763 156 2820 obrem
171 2760 245 2834 regis
260 2759 304 2815 sui
320 2759 483 2814 sententiam
502 2758 668 2831 exquireret.
708 2757 758 2815 lile
773 2757 806 2812 iar
