2080 3030
137 222 175 273 ld
345 227 370 271 G.
392 227 520 272 CRISPI
539 227 745 275 sALvLUsnn

143 327 296 380 libertatem
312 335 394 397 atque
408 329 525 398 patriam
545 330 575 384 in
595 329 701 384 dextris
717 331 815 386 vestris
835 338 966 402 portare.
1026 331 1027 382 ἶ

142 401 173 456 Si
192 403 346 465 vincimus,
372 404 464 457 omnia
484 404 564 459 nobis
584 413 642 460 tuta
664 415 756 471 erunt,
785 415 966 461 commeatus
1026 429 1027 440 ¹

142 476 262 542 abunde,
275 479 429 549 municipia
439 487 521 550 atque
531 480 654 536 coloniae
664 481 810 552 patebunt,
824 481 867 536 sin
882 491 966 536 metu

142 554 322 619 cesserimus,
347 554 443 609 eadem
458 554 507 610 illa
521 553 637 611 adversa
658 557 736 612 fient:
766 575 856 628 neque
878 557 965 612 locus

142 646 232 702 neque
242 629 347 684 amicus
357 631 506 702 quisquam
518 641 605 705 teget,
627 649 710 704 quem
725 651 799 688 arma
813 649 867 686 noa
878 642 965 686 texe-

141 707 207 760 rint.
247 707 402 771 Praeterea,
431 707 548 773 milites,
569 725 623 762 non
643 707 739 763 eadem
759 709 839 764 nobis
855 716 883 762 et
899 707 964 762 illis

142 782 316 838 necessitudo
330 781 485 854 impendet3
505 801 555 838 nos
569 800 619 857 pro
632 784 734 855 patria,
756 802 806 856 pro
816 781 960 850 libertate,

141 876 190 929 pro
202 859 258 914 vita
270 866 418 914 certamus:
429 859 487 913 illis
498 876 734 930 supervacaneum
744 869 786 914 est
795 867 846 932 pro
856 869 963 930 poten-

141 936 178 988 tia
193 950 342 1006 paucorum
356 951 491 1007 pugnare.
530 934 589 1002 Quo
604 935 738 990 audacius
756 936 959 1009 aggredimini,

140 1027 275 1064 memores
286 1011 419 1081 pristinae
429 1011 550 1066 virtutis.
576 1011 667 1066 Licuit
677 1012 757 1066 vobis
771 1029 834 1066 oum
846 1028 960 1066 summa

141 1085 312 1156 turpitudine
332 1087 362 1140 in
382 1086 467 1141 exilio
486 1095 600 1142 aetatem
618 1104 712 1160 agere:
737 1088 867 1160 potuistis
886 1105 960 1141 non-

141 1160 212 1215 nulli
223 1161 337 1225 Romae,
354 1162 464 1216 amissis
478 1161 572 1227 bonis,
593 1162 696 1218 alienas
705 1180 771 1234 opes
783 1173 957 1236 exspectare.
1026 1219 1027 1240 χ

141 1235 211 1302 Quia
230 1237 279 1291 illa
295 1236 374 1292 foeda
395 1245 477 1308 atque
497 1238 668 1294 intoleranda
687 1240 757 1294 viris
776 1239 956 1303 videbantur,
1026 1243 1027 1252 ¹

142 1311 210 1367 haec
229 1314 310 1384 sequi
330 1312 504 1368 decrevistis.
544 1313 574 1368 Si
595 1314 664 1368 haec
682 1315 840 1386 relinquere
858 1314 955 1380 vultis,

141 1388 256 1443 audacia
270 1404 340 1461 opus
355 1397 410 1457 est3
438 1406 532 1454 nomo,
558 1390 613 1443 nisi
629 1390 730 1455 victor,
756 1408 823 1462 pace
847 1390 956 1445 bellum

140 1464 267 1519 mutavit.
307 1465 376 1520 Nam
385 1464 415 1519 in
426 1463 492 1538 fuga
503 1464 620 1522 salutern
630 1481 754 1537 sperare,
770 1483 857 1538 quum
867 1482 954 1530 arma,

140 1544 205 1613 quis
215 1557 316 1612 corpus
329 1541 445 1614 tegitur,
466 1540 500 1596 ab
517 1541 594 1596 hoste
610 1542 755 1607 averteris,
778 1559 809 1596 ea
823 1559 889 1596 vero
905 1541 956 1596 de-

140 1617 243 1672 mentia
267 1624 318 1671 est.
368 1616 483 1688 Semper
501 1618 530 1671 in
551 1618 655 1688 praelio
675 1618 711 1672 iis
732 1626 773 1672 est
791 1633 953 1672 maxumum

140 1693 311 1765 periculum,
337 1694 386 1764 qui
402 1710 530 1748 maxume
545 1695 656 1749 timent:
682 1693 797 1749 audacia
811 1711 861 1765 pro
876 1709 953 1748 muro

140 1769 268 1824 habetur.
312 1767 404 1835 Quum
421 1787 471 1824 vos
491 1769 647 1834 considero,
673 1769 791 1833 milites,
820 1777 846 1824 et
866 1785 952 1840 quum

142 1845 211 1900 iacta
221 1853 313 1900 rostra
323 1853 458 1912 aestumo;
483 1861 581 1918 magna
595 1862 639 1898 me
653 1861 716 1916 spes
727 1845 858 1900 victoriae
869 1852 952 1899 tenet.

140 1920 271 1984 Animus,
289 1927 377 1985 aetas,
389 1922 478 1975 virtus
487 1929 579 1976 vostra
589 1933 632 1974 me
643 1919 797 1987 hortantur3
815 1929 952 1991 praeterea

118 2013 124 2020 “
141 1995 330 2061 necessitudo,
357 2012 429 2067 quae
447 1997 529 2050 etiam
544 1995 656 2050 timidos
672 1995 749 2050 iortis
769 1995 845 2051 facit.
884 1996 949 2050 Nam
1026 2001 1027 2010 ¹

141 2072 289 2128 multitudo
300 2072 422 2127 hostium
433 2087 467 2125 ne
478 2072 679 2126 circumvenire
690 2080 786 2142 queat,
805 2071 950 2142 prohibent

141 2149 285 2222 angustiae
296 2147 359 2203 loci.
384 2146 489 2214 Quodsi
500 2147 595 2202 virtuti
606 2155 714 2202 vostrae
725 2145 832 2202 iortuna
843 2146 950 2201 invide·
1026 2189 1027 2216 ,

141 2225 186 2288 rit,
199 2232 303 2288 cavete,
314 2223 397 2279 inulti
408 2223 527 2278 animam
539 2223 683 2292 amittatis3
701 2240 755 2277 neu
766 2223 839 2294 capti
849 2222 947 2293 potius,
1026 2237 1027 2268 l

141 2301 224 2356 sicuti
244 2317 357 2372 peoora,
388 2298 580 2364 trucidemini,
612 2315 709 2370 quam,
736 2299 859 2354 virorum
879 2315 948 2353 more
1026 2331 1027 2348 r

141 2384 310 2449 pugnantes,
331 2384 472 2431 cruentam
487 2384 569 2446 atque
584 2375 737 2430 luctuosam
746 2374 889 2431 victoriam
901 2373 948 2428 ho·
1026 2431 1027 2446 ,

142 2451 232 2508 stibus
243 2451 417 2522 relinquatis.
426 2457 445 2482 ‘⁸

198 2528 269 2582 LlX.
299 2527 371 2582 llaec
389 2527 438 2582 uhi
459 2525 545 2590 dixit,
574 2525 731 2597 paullulum
754 2532 944 2590 commoratus,

142 2603 223 2677 signa
233 2619 331 2658 canere
340 2602 430 2669 iubet3
452 2611 533 2674 atque
544 2602 690 2657 instructos
700 2600 811 2656 ordines
822 2602 851 2656 in
862 2601 945 2656 locum

142 2696 263 2751 aequum
272 2677 394 2734 deducit.
434 2679 516 2742 Dein,
533 2679 644 2733 remotis
654 2677 777 2733 omnium
789 2678 882 2750 cquis,
896 2693 945 2748 quo

142 2755 294 2820 militibus,
309 2762 461 2827 exaequato
471 2753 608 2826 periculo,
624 2753 733 2810 animus
744 2754 860 2827 amplior
870 2760 956 2819 esset„
