2070 3036
238 209 526 260 IUGURTHINUM.
547 211 626 256 CAP.
644 211 678 258 85.
689 210 726 259 86.
850 206 893 258 121
957 255 962 266 ,

90 314 158 371 eule
168 314 258 388 magis
268 321 411 378 strenuus,
431 329 515 384 quam
526 311 605 372 felix.
644 311 715 368 Nam
724 329 897 387 magnepars

90 391 157 448 eiua
167 389 282 462 auaritia
293 397 340 446 ant
349 390 502 446 temeritate
512 388 615 445 dueum
626 387 717 445 attrita
727 396 778 448 est.
794 388 898 456 Quum-

90 465 191 525 obrem
204 483 264 532 voe,
289 464 395 538 quibus
415 464 545 522 militaris
565 471 606 520 est
625 471 712 529 aetas,
738 463 897 528 adnitimini

91 559 205 598 meeum
216 549 243 600 et
252 542 388 615 capessite
398 540 614 614 rempublicam:
627 555 718 612 neque
728 557 897 612 quemquam

92 636 131 678 ex
140 618 296 676 calamitate
306 617 423 675 aliorum
433 625 480 674 aut
490 617 686 704 imperatorum
696 616 828 689 superbia
838 635 898 674 me·
941 632 944 638 ·

90 704 139 751 tna
151 696 266 768 ceperit.
286 695 402 768 Egomet
410 693 441 748 in
451 694 572 766 agmine,
584 709 614 746 1n
624 693 745 764 praelio,
758 693 898 754 consultor

91 770 171 827 idem
181 777 208 831 et
218 773 311 826 eonius
320 769 450 842 periculi,
462 768 606 826 vobiscum
616 767 711 837 edero;
722 769 823 840 meque
834 786 898 825 vos-

91 864 149 920 que
160 847 190 904 in
200 847 331 902 omnibus
341 845 424 902 rebus
435 845 513 903 iuxta
524 861 628 919 geram.
648 845 683 904 Et
693 844 829 916 profecto,
841 845 897 907 diis

90 923 272 988 iuvantibus,
292 923 385 978 omnia
403 928 510 978 matura
530 929 609 984 sunt,
631 921 762 985 victoria,
783 921 895 995 praeda,

92 1001 170 1056 laus:
190 999 298 1070 quaesi
309 997 394 1070 dubia
406 1005 453 1053 eut
463 994 559 1069 proeul
570 1005 675 1062 essent,
697 1005 788 1058 tamen
802 1015 897 1054 omnes

91 1077 182 1132 honos
191 1075 363 1148 reipublicae
373 1073 524 1132 subvenire
533 1071 659 1131 decebat.
697 1073 808 1131 Etenim
817 1075 898 1148 igne-

92 1153 140 1209 via
150 1167 230 1207 nemo
240 1149 504 1208 immortalieiootus
515 1157 569 1206 est:
586 1166 677 1221 neque
686 1150 837 1223 quisquam
847 1169 898 1228 pa-

91 1227 280 1302 rensliberis‚
302 1227 344 1283 uti
355 1226 459 1303 aeterni
469 1223 572 1292 torem,
592 1226 712 1298 optavit;
733 1228 837 1302 magis,
856 1228 897 1283 uti

90 1304 161 1360 boni
181 1303 347 1375 honestique
361 1303 448 1360 vitem
468 1302 621 1377 exigerent.
661 1303 744 1363 Plura
757 1298 895 1367 ffioerem,

90 1380 229 1449 Quirites,
250 1380 275 1436 si
290 1379 398 1438 timidis
413 1379 544 1438 virtutem
560 1378 645 1443 verba
664 1378 809 1448 adderent3
833 1398 897 1439 nam

90 1455 215 1514 strenuis
226 1455 336 1512 abunde
346 1455 452 1511 dietum
465 1464 542 1528 puto.
552 1463 570 1486 ‘¹

148 1532 300 1608 Lmvl.
321 1531 519 1590 Huiuscemodi
528 1532 650 1591 oratione
661 1529 770 1597 habite,
792 1531 896 1594 Marius

90 1617 240 1683 postquam
250 1607 344 1683 plebis
353 1607 460 1664 animos
471 1615 589 1664 errectos
599 1605 685 1671 videt,
694 1623 811 1678 propere
821 1624 897 1672 oom-

90 1693 200 1750 meatu,
212 1683 368 1756 stipendio,
380 1683 480 1746 armis,
493 1681 556 1738 aliis
567 1680 685 1757 utilibus
695 1685 775 1752 nauis
785 1692 893 1749 onerat:

90 1779 160 1818 enm
172 1759 217 1820 hie
232 1758 265 1816 t.
277 1759 412 1818 Manlium
423 1758 545 1832 legatum
555 1756 695 1829 proticisci
706 1757 794 1818 iubet.
833 1760 896 1831 Ipse

90 1841 200 1895 interea
213 1835 318 1893 milites
332 1835 469 1899 seribere,
491 1851 545 1892 nou
561 1849 636 1889 more
651 1833 788 1894 meierum
805 1853 895 1908 neque

91 1932 128 1970 ex
144 1912 297 1977 elassibus,
319 1911 369 1967 sed
383 1911 425 1968 uti
440 1911 577 1982 cuiusque
596 1909 694 1966 lubido
714 1918 785 1977 erat,
806 1914 896 1984 eapite

90 2005 190 2046 censos
209 1988 367 2060 plerosque.
406 1986 438 2044 ld
455 1985 559 2044 factum
576 1986 625 2042 alii
639 1986 735 2058 iuopia
748 1986 893 2054 bonorum,

90 2067 140 2122 alii
156 2082 206 2137 per
220 2063 400 2122 ambitionem
413 2062 536 2122 consulis
550 2061 752 2140 memorabant3
774 2064 848 2136 quod
860 2065 895 2120 ab

90 2160 123 2200 eo
139 2158 242 2216 genere
255 2140 411 2200 celebratus
426 2147 580 2212 auctusque
595 2147 666 2202 erat,
688 2148 715 2195 et
725 2138 830 2204 homini
844 2158 896 2213 po-

90 2219 207 2290 tentiam
217 2217 361 2288 quaerenti
371 2218 577 2290 egentissumus
587 2215 707 2288 quisque
717 2218 895 2288 opportunis-

19 2309 23 2314 '
90 2311 200 2366 sumus,
214 2293 260 2349 oui
272 2309 362 2364 neque
372 2309 423 2347 sua
434 2308 525 2356 curae,
533 2291 638 2370 quippe
649 2307 720 2363 quae
730 2291 808 2358 nulla
818 2305 892 2360 sunt,

90 2380 118 2427 et
131 2370 225 2426 omnia
240 2385 304 2424 eum
318 2368 407 2440 pretio
422 2367 537 2424 honesta
555 2367 695 2424 videntur.
735 2368 823 2442 Igitur
836 2372 894 2437 bia-

90 2447 166 2512 rins¹
181 2461 245 2502 oum
255 2445 397 2516 aliquanto
408 2443 510 2499 maiore
520 2459 645 2508 numero,
658 2460 741 2515 quem
752 2445 894 2516 decretum

91 2531 159 2588 erat,
172 2523 202 2577 in
213 2520 334 2578 Africam
344 2518 494 2592 profectus,
506 2519 604 2591 paneis
615 2518 715 2580 diebus
727 2521 832 2586 Utinam
843 2523 894 2588 ad-

91 2599 214 2655 vehitur.
253 2597 399 2656 Exercitus
413 2596 439 2650 ei
454 2594 571 2653 traditur
585 2612 601 2650 a
616 2595 647 2658 P.
663 2595 767 2662 Rutilio
786 2597 889 2670 legato3

92 2692 157 2732 nam
166 2672 295 2748 Metellus
309 2680 487 2745 conspectum
500 2670 581 2728 Marii
596 2670 718 2746 fugeret,
738 2689 772 2728 ne
786 2673 893 2736 rideret

92 2768 138 2818 ea,
154 2765 226 2823 quae
237 2748 332 2804 audita
342 2750 451 2805 animus
461 2747 578 2802 tolerare
587 2748 761 2821 nequiverat.
