2058 3032
307 744 641 814 PROOEMIUM.

377 941 555 954 ...σαι-σιφ-

155 1114 345 1206 Quicumque
370 1125 475 1184 litteris
501 1125 615 1183 Latinis
641 1126 672 1184 in
700 1125 802 1183 schola
825 1122 875 1180 dat

67 1245 206 1302 operam,
234 1228 271 1284 ad
290 1247 342 1284 eos
360 1228 530 1302 scriptores,
554 1247 628 1302 quos
646 1237 755 1286 vocant
777 1223 875 1284 classi·

66 1349 128 1399 cos,
148 1337 296 1403 tamquam
317 1329 354 1386 ad
372 1329 468 1386 fontes
483 1330 589 1387 adduci
608 1333 693 1402 solet,
713 1349 750 1387 ex
769 1329 874 1404 quibus

67 1430 279 1488 humanitatem
309 1431 542 1507 elegantiamque
569 1433 698 1505 hauriat,
734 1440 874 1488 mentem·

68 1551 125 1605 que
149 1541 179 1589 et
202 1551 305 1591 sensus
326 1533 445 1591 nutriat.
495 1534 643 1606 Quocirca
669 1536 731 1592 eius
757 1533 873 1610 generis

67 1635 225 1708 scriptores
244 1635 423 1710 defigimur,
451 1635 501 1709 qui
524 1637 561 1692 ad
582 1637 702 1712 ingenia
719 1646 798 1693 recte
816 1636 874 1692 ele·

67 1745 230 1811 ganterque
255 1737 419 1795 excolenda
444 1745 512 1794 sunt
537 1737 763 1795 instructissimi.
807 1737 873 1794 Hoc

66 1840 95 1896 in
119 1858 243 1898 numero
263 1838 350 1897 ctiam
370 1837 526 1898 Sallustius
544 1838 649 1894 merito
668 1857 721 1896 suo
740 1839 873 1909 habetur,

66 1941 193 2016 scriptor
210 1961 248 1999 ex
266 1941 346 1999 omni
366 1950 449 2016 parte
467 1939 686 1998 laudatissimus
705 1949 735 1996 et
751 1938 874 1997 novissi·

67 2044 121 2100 mis
141 2041 293 2102 Gerlachii
306 2042 468 2116 Kritziiqne
487 2041 591 2099 studiis
609 2041 699 2099 hodie
716 2041 764 2098 vel
782 2041 873 2098 maxi·

6 2167 10 2172 ’
67 2164 113 2202 me
141 2147 289 2216 elimatus3
331 2163 506 2219 quamquam
533 2143 699 2201 horridiore
729 2143 873 2202 sermonis

68 2248 163 2304 forma
184 2247 304 2304 indutus
326 2247 455 2318 videtur,
479 2265 566 2320 quam
589 2246 638 2304 alii
661 2245 791 2303 eiusdem
811 2263 874 2302 sae-

69 2349 125 2406 cnli
141 2359 170 2406 et
183 2348 299 2424 generis
312 2347 482 2422 scriptores,
502 2367 626 2422 quorum
640 2349 769 2407 lectione
788 2348 873 2406 disci·

68 2451 125 2523 puli
136 2450 279 2508 contineri
290 2451 394 2508 solent.
423 2446 595 2506 Scholarum
607 2448 697 2524 igitur
705 2450 770 2508 usui
784 2469 871 2523 quum

68 2553 218 2626 utriusque
238 2550 337 2611 Caroli
354 2551 524 2609 Tauchnitii
545 2552 636 2626 patris
660 2552 729 2610 olim
749 2562 778 2609 et
795 2569 872 2608 nnnc

69 2653 118 2710 tilii
135 2654 225 2729 prelis
243 2653 378 2728 curisque
397 2653 553 2730 diligenter
570 2663 600 2709 et.
618 2656 769 2730 eleganter
787 2671 872 2710 orna·

67 2767 113 2812 tae
132 2754 304 2830 scriptorum
324 2755 468 2814 editiones
485 2773 579 2830 usque
594 2758 630 2813 ab
640 2754 771 2812 Henrico
781 2749 872 2811 Scha-
