2070 3036
209 245 484 290 Htsrottlsttun
506 245 756 293 FRAGMENTA.
836 241 882 294 458

71 363 121 402 eos
133 345 186 401 iter
196 345 286 410 eliud,
300 354 381 416 etque
392 345 528 400 Hannibal
537 387 543 409 ‚
551 345 631 400 nobis
641 348 824 418 opportunius
834 363 885 420 pe·

72 422 169 478 teieei.
209 422 311 493 llecepi
333 421 466 485 Gelliam,
490 421 676 494 Pyrenaeum,
697 423 882 490 Lucetnniern,

70 498 229 573 Indigetes:
243 505 269 553 et
279 497 402 570 primunt
414 495 667 568 impetumSertorli
679 498 793 554 victoris
803 501 884 554 novis

71 575 216 630 militibus
226 582 254 628 et
264 572 351 628 molto
364 571 544 644 paucioribus
554 573 689 628 sustinul:
706 573 883 646 hiememque

71 652 104 705 in
116 649 215 705 cestris
226 649 298 704 inter
307 647 496 704 saevissumos
503 647 590 703 bostis
596 663 651 702 non
661 661 711 720 per
720 649 824 722 oppida
835 667 884 706 ne-

70 742 131 798 que
142 741 179 781 ex
189 724 339 780 ambitione
349 740 410 778 meo
421 723 478 797 egi.
499 721 573 790 Quid
585 722 650 778 dein
661 724 765 796 praelis
777 734 825 781 out
834 743 884 781 cx-

71 801 234 875 peditiones
249 800 396 865 hibernos,
414 798 517 872 oppida
534 799 626 854 excisa
637 809 684 854 eut
695 809 804 873 recepte
815 817 885 856 enu-

71 875 200 934 merem?
216 875 556 948 Quandcreeplusrolet,
576 891 661 947 quem
673 875 771 932 verbe:
794 885 883 932 costra

71 954 199 1010 hostium
212 952 286 1025 opud
293 951 445 1008 Sucronem
456 959 544 1022 copta,
560 959 587 1006 et
597 951 734 1022 praelium
745 952 820 1024 opud
831 949 885 1008 ssu-

72 1047 140 1086 men
152 1031 275 1094 Turiam,
291 1037 317 1084 et
328 1027 388 1082 dux
398 1026 520 1082 bostium
529 1027 560 1082 C.
573 1027 728 1082 Herennius
738 1045 803 1083 cum
814 1028 884 1084 urbo

71 1105 217 1169 Valentio,
240 1113 266 1160 et
277 1105 415 1159 exercitus
425 1101 524 1166 deleti,
547 1104 615 1157 sotis
626 1102 699 1158 olere
710 1095 791 1159 vobis
802 1113 880 1170 sunt3

72 1199 126 1256 pro
137 1181 212 1254 quis,
224 1198 240 1236 o
251 1181 322 1254 greti
333 1179 435 1243 Patres,
443 1185 593 1252 egestatem
605 1188 632 1235 et
642 1177 743 1235 semem
754 1179 882 1236 redditis.

72 1262 173 1331 ltaque
190 1273 252 1312 meo
271 1265 298 1312 et
317 1255 438 1311 hostium
458 1253 594 1309 exercitui
614 1272 664 1327 per
682 1255 810 1312 condicio
830 1264 882 1311 est.

72 1337 203 1406 Namque
218 1331 389 1404 stipendium
404 1331 496 1384 neutri
512 1328 606 1385 detor:
629 1331 843 1405 victoruterque
854 1333 883 1386 in

73 1411 185 1467 ltaliam
196 1409 291 1464 venire
301 1414 400 1478 potest.
441 1404 520 1472 Quod
532 1422 585 1479 ego
598 1423 647 1462 vos
658 1425 755 1462 moneo
765 1425 884 1480 quaeso-

72 1503 131 1560 que
151 1493 183 1541 ut
203 1481 444 1545 animadvertetis,
464 1483 525 1536 'neu
546 1483 650 1555 cogetis
671 1483 884 1539 necessitatibus

73 1561 208 1636 privatim
238 1558 308 1614 mihi
333 1556 489 1613 consulere.
528 1558 689 1630 llispeniom
714 1560 880 1623 citeriorem,

72 1655 148 1712 quse
163 1653 217 1693 non
234 1636 268 1691 nb
284 1633 412 1690 hostibus
426 1640 549 1697 tenetur,
568 1649 618 1688 nos
633 1643 680 1689 out
695 1633 833 1691 Sertorius
849 1634 884 1690 ud

72 1713 293 1771 internecionem
304 1709 490 1776 vastissimum
512 1716 621 1780 praeter
634 1711 796 1766 maritumos
811 1711 883 1766 ciri-

74 1799 160 1854 totes,
186 1803 258 1860 quse
274 1786 346 1842 ultro
365 1785 446 1841 nobis
462 1785 587 1856 sumptui
607 1786 751 1858 onerique.
793 1784 884 1844 Gallie

72 1865 219 1938 superiore
234 1877 306 1918 enno
319 1860 423 1918 Metelli
439 1861 593 1915 exercitum
608 1861 748 1932 stipendio
760 1861 884 1919 irunien-

73 1952 159 2014 toque
171 1939 253 1996 eluit:
267 1945 294 1992 et
304 1953 387 2002 nunc,
403 1936 485 1991 melis
495 1933 643 2001 fructibus,
656 1937 716 2009 ipso
726 1939 776 1994 rix
787 1940 882 2013 agitet.

72 2021 135 2093 Ego
150 2031 204 2072 nen
220 2029 277 2070 rem
294 2011 458 2067 iemilisrem
470 2009 565 2075 modo,
588 2027 686 2067 verum
700 2014 784 2070 etium
800 2013 883 2071 iidem

73 2091 248 2164 consumpsi.
289 2087 399 2160 ileliqui
412 2087 554 2142 inseetis:
579 2087 629 2158 qui
645 2089 700 2144 nisi
714 2089 881 2154 subvenitis,

73 2170 165 2226 invito
179 2175 206 2222 et
218 2163 395 2240 pmedicente
406 2179 464 2227 me,
486 2163 625 2218 exereitus
636 2163 715 2231 binc,
738 2173 764 2222 et
776 2182 840 2222 eum
851 2181 883 2221 eo

74 2261 157 2302 omne
168 2243 274 2298 bellurn
287 2239 444 2312 iliepenioe,
456 2239 486 2292 in
497 2239 604 2294 ltaliam
615 2241 843 2316 transgredietur.

364 2390 595 2426 *ww—-

319 2506 384 2566 EX
404 2505 426 2566 L
440 2501 451 2564 l
463 2503 486 2564 B
500 2504 525 2563 ll
538 2503 563 2563 0
585 2501 638 2564 Ili.

181 2610 266 2662 Oratio
285 2607 382 2670 Moeri,
412 2606 605 2671 romipetis,
629 2605 666 2656 tul
677 2607 780 2672 poem.

133 2697 174 2762 Si,
182 2694 313 2762 Quirites,
326 2711 424 2766 perum
435 2692 752 2764 existumaretis,quori²

75 2770 258 2830 emeleribus
268 2769 395 2824 relictum
407 2768 502 2832 vobis,
527 2776 554 2821 et
569 2767 620 2822 hoo
635 2785 650 2821 a
664 2767 724 2853 Soli
