<?xml version="1.0" encoding="UTF-8"?>
<!DOCTYPE html PUBLIC "-//W3C//DTD XHTML 1.0 Transitional//EN"
    "http://www.w3.org/TR/xhtml1/DTD/xhtml1-transitional.dtd">
<html xmlns="http://www.w3.org/1999/xhtml" xml:lang="en" lang="en">
 <head>
  <title>
</title>
<meta http-equiv="Content-Type" content="text/html;charset=utf-8" />
  <meta name='ocr-system' content='tesseract 3.04.00' />
  <meta name='ocr-capabilities' content='ocr_page ocr_carea ocr_par ocr_line ocrx_word'/>
</head>
<body>
  <div class='ocr_page' id='page_1' title='image "./ccrispisallusti00nobbgoog_0145.png"; bbox 0 0 2070 3036; ppageno 0'>
   <div class='ocr_carea' id='block_1_1' title="bbox 160 203 806 259">
    <p class='ocr_par' dir='ltr' id='par_1_1' title="bbox 160 203 806 259">
     <span class='ocr_line' id='line_1_1' title="bbox 160 203 806 259; baseline -0.014 0"><span class='ocrx_word' id='word_1_1' title='bbox 160 203 206 259; x_wconf 63' lang='lat' dir='ltr'><strong>m</strong></span> <span class='ocrx_word' id='word_1_2' title='bbox 302 209 329 255; x_wconf 85' lang='lat'><strong>0.</strong></span> <span class='ocrx_word' id='word_1_3' title='bbox 349 207 404 254; x_wconf 81' lang='lat' dir='ltr'><strong>CII.</strong></span> <span class='ocrx_word' id='word_1_4' title='bbox 426 205 634 254; x_wconf 74' lang='lat' dir='ltr'><strong>ssnnusuu</strong></span> <span class='ocrx_word' id='word_1_5' title='bbox 651 203 806 252; x_wconf 78' lang='lat' dir='ltr'>BELLUM</span> 
     </span>
    </p>
   </div>
   <div class='ocr_carea' id='block_1_2' title="bbox 79 299 1020 2804">
    <p class='ocr_par' dir='ltr' id='par_1_2' title="bbox 151 299 1020 1526">
     <span class='ocr_line' id='line_1_2' title="bbox 157 299 957 378; baseline -0.005 -11"><span class='ocrx_word' id='word_1_6' title='bbox 157 299 359 375; x_wconf 77' lang='lat' dir='ltr'><strong>monssaxeus,</strong></span> <span class='ocrx_word' id='word_1_7' title='bbox 379 307 511 366; x_wconf 87' lang='lat' dir='ltr'><strong>mediocri</strong></span> <span class='ocrx_word' id='word_1_8' title='bbox 526 305 638 366; x_wconf 84' lang='lat' dir='ltr'><strong>castello</strong></span> <span class='ocrx_word' id='word_1_9' title='bbox 651 304 841 378; x_wconf 73' lang='lat' dir='ltr'><strong>artaperses,</strong></span> <span class='ocrx_word' id='word_1_10' title='bbox 861 304 891 361; x_wconf 88' lang='lat' dir='ltr'><strong>in</strong></span> <span class='ocrx_word' id='word_1_11' title='bbox 901 305 957 364; x_wconf 88' lang='lat' dir='ltr'><strong>inr-</strong></span> 
     </span>
     <span class='ocr_line' id='line_1_3' title="bbox 156 381 954 458; baseline -0.008 -14"><span class='ocrx_word' id='word_1_12' title='bbox 156 403 281 444; x_wconf 87' lang='lat' dir='ltr'><strong>mensum</strong></span> <span class='ocrx_word' id='word_1_13' title='bbox 295 385 401 450; x_wconf 83' lang='lat' dir='ltr'><strong>editus,</strong></span> <span class='ocrx_word' id='word_1_14' title='bbox 422 401 477 440; x_wconf 91' lang='lat' dir='ltr'><strong>uno</strong></span> <span class='ocrx_word' id='word_1_15' title='bbox 490 389 657 458; x_wconf 78' lang='lat' dir='ltr'><strong>perangusto</strong></span> <span class='ocrx_word' id='word_1_16' title='bbox 672 381 749 438; x_wconf 86' lang='lat' dir='ltr'><strong>aditu</strong></span> <span class='ocrx_word' id='word_1_17' title='bbox 760 382 870 438; x_wconf 86' lang='lat' dir='ltr'><strong>relicto:</strong></span> <span class='ocrx_word' id='word_1_18' title='bbox 891 400 954 438; x_wconf 80' lang='lat' dir='ltr'><strong>nam</strong></span> 
     </span>
     <span class='ocr_line' id='line_1_4' title="bbox 155 458 954 533; baseline -0.008 -13"><span class='ocrx_word' id='word_1_19' title='bbox 155 462 245 520; x_wconf 87' lang='lat' dir='ltr'><strong>omnis</strong></span> <span class='ocrx_word' id='word_1_20' title='bbox 256 467 365 527; x_wconf 79' lang='lat' dir='ltr'><strong>natura,</strong></span> <span class='ocrx_word' id='word_1_21' title='bbox 381 459 458 517; x_wconf 87' lang='lat' dir='ltr'><strong>velut</strong></span> <span class='ocrx_word' id='word_1_22' title='bbox 465 477 548 533; x_wconf 89' lang='lat' dir='ltr'><strong>opere</strong></span> <span class='ocrx_word' id='word_1_23' title='bbox 558 469 641 532; x_wconf 88' lang='lat' dir='ltr'><strong>atque</strong></span> <span class='ocrx_word' id='word_1_24' title='bbox 649 458 788 530; x_wconf 82' lang='lat' dir='ltr'><strong>consulto.</strong></span> <span class='ocrx_word' id='word_1_25' title='bbox 810 476 954 532; x_wconf 85' lang='lat' dir='ltr'><strong>praeceps.</strong></span> 
     </span>
     <span class='ocr_line' id='line_1_5' title="bbox 155 534 952 609; baseline -0.004 -13"><span class='ocrx_word' id='word_1_26' title='bbox 155 537 241 606; x_wconf 80' lang='lat' dir='ltr'><strong>Quem</strong></span> <span class='ocrx_word' id='word_1_27' title='bbox 253 538 345 596; x_wconf 90' lang='lat' dir='ltr'><strong>locum</strong></span> <span class='ocrx_word' id='word_1_28' title='bbox 355 537 471 601; x_wconf 77' lang='lat' dir='ltr'><strong>ilarius,</strong></span> <span class='ocrx_word' id='word_1_29' title='bbox 493 535 569 609; x_wconf 88' lang='lat' dir='ltr'><strong>quod</strong></span> <span class='ocrx_word' id='word_1_30' title='bbox 583 534 625 591; x_wconf 88' lang='lat' dir='ltr'><strong>ibi</strong></span> <span class='ocrx_word' id='word_1_31' title='bbox 638 535 712 609; x_wconf 78' lang='lat' dir='ltr'><strong>regis</strong></span> <span class='ocrx_word' id='word_1_32' title='bbox 727 535 851 592; x_wconf 80' lang='lat' dir='ltr'><strong>thesauri</strong></span> <span class='ocrx_word' id='word_1_33' title='bbox 867 544 952 600; x_wconf 76' lang='lat' dir='ltr'><strong>erant.</strong></span> 
     </span>
     <span class='ocr_line' id='line_1_6' title="bbox 155 609 954 688; baseline -0.003 -18"><span class='ocrx_word' id='word_1_34' title='bbox 155 632 263 672; x_wconf 86' lang='lat' dir='ltr'><strong>summa</strong></span> <span class='ocrx_word' id='word_1_35' title='bbox 279 616 308 674; x_wconf 82' lang='lat' dir='ltr'><strong>vi</strong></span> <span class='ocrx_word' id='word_1_36' title='bbox 322 630 420 688; x_wconf 88' lang='lat' dir='ltr'><strong>capere</strong></span> <span class='ocrx_word' id='word_1_37' title='bbox 432 612 561 669; x_wconf 81' lang='lat' dir='ltr'><strong>intendit.</strong></span> <span class='ocrx_word' id='word_1_38' title='bbox 601 609 657 668; x_wconf 87' lang='lat' dir='ltr'><strong>Sed</strong></span> <span class='ocrx_word' id='word_1_39' title='bbox 668 628 699 666; x_wconf 89' lang='lat' dir='ltr'><strong>ea</strong></span> <span class='ocrx_word' id='word_1_40' title='bbox 708 628 752 666; x_wconf 89' lang='lat' dir='ltr'><strong>res</strong></span> <span class='ocrx_word' id='word_1_41' title='bbox 764 610 847 677; x_wconf 84' lang='lat' dir='ltr'><strong>lorte¹</strong></span> <span class='ocrx_word' id='word_1_42' title='bbox 869 629 954 684; x_wconf 87' lang='lat' dir='ltr'><strong>quem</strong></span> 
     </span>
     <span class='ocr_line' id='line_1_7' title="bbox 156 687 957 762; baseline -0.002 -16"><span class='ocrx_word' id='word_1_43' title='bbox 156 691 286 757; x_wconf 78' lang='lat' dir='ltr'><strong>consilio,</strong></span> <span class='ocrx_word' id='word_1_44' title='bbox 298 691 398 747; x_wconf 88' lang='lat' dir='ltr'><strong>melius</strong></span> <span class='ocrx_word' id='word_1_45' title='bbox 408 697 496 762; x_wconf 76' lang='lat' dir='ltr'><strong>geste.</strong></span> <span class='ocrx_word' id='word_1_46' title='bbox 510 745 512 750; x_wconf 80' lang='grc'>,</span> <span class='ocrx_word' id='word_1_47' title='bbox 534 690 604 744; x_wconf 89' lang='lat' dir='ltr'><strong>Nam</strong></span> <span class='ocrx_word' id='word_1_48' title='bbox 614 687 727 744; x_wconf 90' lang='lat' dir='ltr'><strong>castello</strong></span> <span class='ocrx_word' id='word_1_49' title='bbox 738 688 862 744; x_wconf 80' lang='lat' dir='ltr'><strong>virorum</strong></span> <span class='ocrx_word' id='word_1_50' title='bbox 872 697 957 761; x_wconf 88' lang='lat' dir='ltr'><strong>atque</strong></span> 
     </span>
     <span class='ocr_line' id='line_1_8' title="bbox 156 762 953 838; baseline -0.003 -16"><span class='ocrx_word' id='word_1_51' title='bbox 156 783 292 824; x_wconf 90' lang='lat' dir='ltr'><strong>armorum</strong></span> <span class='ocrx_word' id='word_1_52' title='bbox 306 766 387 832; x_wconf 85' lang='lat' dir='ltr'><strong>satis,</strong></span> <span class='ocrx_word' id='word_1_53' title='bbox 407 781 506 838; x_wconf 77' lang='lat' dir='ltr'><strong>magna</strong></span> <span class='ocrx_word' id='word_1_54' title='bbox 519 765 563 821; x_wconf 87' lang='lat' dir='ltr'><strong>vis</strong></span> <span class='ocrx_word' id='word_1_55' title='bbox 574 763 719 828; x_wconf 81' lang='lat' dir='ltr'><strong>frumenti,</strong></span> <span class='ocrx_word' id='word_1_56' title='bbox 740 772 767 819; x_wconf 90' lang='lat' dir='ltr'><strong>et</strong></span> <span class='ocrx_word' id='word_1_57' title='bbox 777 762 839 818; x_wconf 87' lang='lat' dir='ltr'><strong>lons</strong></span> <span class='ocrx_word' id='word_1_58' title='bbox 849 781 953 836; x_wconf 87' lang='lat' dir='ltr'><strong>equae;</strong></span> 
     </span>
     <span class='ocr_line' id='line_1_9' title="bbox 156 839 1020 918; baseline -0.002 -20"><span class='ocrx_word' id='word_1_59' title='bbox 156 843 304 918; x_wconf 75' lang='lat' dir='ltr'><strong>aggeribus</strong></span> <span class='ocrx_word' id='word_1_60' title='bbox 314 841 493 913; x_wconf 90' lang='lat' dir='ltr'><strong>turribusque</strong></span> <span class='ocrx_word' id='word_1_61' title='bbox 504 849 531 898; x_wconf 91' lang='lat' dir='ltr'><strong>et</strong></span> <span class='ocrx_word' id='word_1_62' title='bbox 540 840 604 897; x_wconf 87' lang='lat' dir='ltr'><strong>aliis</strong></span> <span class='ocrx_word' id='word_1_63' title='bbox 615 839 869 897; x_wconf 76' lang='lat' dir='ltr'><strong>machinationibus</strong></span> <span class='ocrx_word' id='word_1_64' title='bbox 877 841 956 896; x_wconf 89' lang='lat' dir='ltr'><strong>locus</strong></span> <span class='ocrx_word' id='word_1_65' title='bbox 1019 895 1020 906; x_wconf 63' lang='grc'>,</span> 
     </span>
     <span class='ocr_line' id='line_1_10' title="bbox 157 915 1020 992; baseline -0.001 -18"><span class='ocrx_word' id='word_1_66' title='bbox 157 920 402 992; x_wconf 86' lang='lat' dir='ltr'><strong>importunus:itcr</strong></span> <span class='ocrx_word' id='word_1_67' title='bbox 412 916 622 974; x_wconf 88' lang='lat' dir='ltr'><strong>castellanorum</strong></span> <span class='ocrx_word' id='word_1_68' title='bbox 632 924 781 990; x_wconf 77' lang='lat' dir='ltr'><strong>angustum</strong></span> <span class='ocrx_word' id='word_1_69' title='bbox 791 915 954 982; x_wconf 87' lang='lat' dir='ltr'><strong>admodum,</strong></span> <span class='ocrx_word' id='word_1_70' title='bbox 1019 923 1020 932; x_wconf 59' lang='lat'>¹</span> 
     </span>
     <span class='ocr_line' id='line_1_11' title="bbox 155 992 956 1070; baseline -0.001 -20"><span class='ocrx_word' id='word_1_71' title='bbox 155 995 293 1068; x_wconf 77' lang='lat' dir='ltr'><strong>utrimque</strong></span> <span class='ocrx_word' id='word_1_72' title='bbox 307 994 473 1070; x_wconf 87' lang='lat' dir='ltr'><strong>praecisum.</strong></span> <span class='ocrx_word' id='word_1_73' title='bbox 513 994 616 1051; x_wconf 84' lang='lat' dir='ltr'><strong>Vineae</strong></span> <span class='ocrx_word' id='word_1_74' title='bbox 630 1009 695 1049; x_wconf 89' lang='lat' dir='ltr'><strong>cum</strong></span> <span class='ocrx_word' id='word_1_75' title='bbox 708 992 815 1066; x_wconf 77' lang='lat' dir='ltr'><strong>ingenti</strong></span> <span class='ocrx_word' id='word_1_76' title='bbox 829 992 956 1063; x_wconf 82' lang='lat' dir='ltr'><strong>perleulo</strong></span> 
     </span>
     <span class='ocr_line' id='line_1_12' title="bbox 155 1068 956 1145; baseline -0.005 -17"><span class='ocrx_word' id='word_1_77' title='bbox 155 1069 254 1128; x_wconf 86' lang='lat' dir='ltr'><strong>lrustrn</strong></span> <span class='ocrx_word' id='word_1_78' title='bbox 264 1072 430 1145; x_wconf 82' lang='lat' dir='ltr'><strong>agebantur;</strong></span> <span class='ocrx_word' id='word_1_79' title='bbox 443 1087 507 1126; x_wconf 88' lang='lat' dir='ltr'><strong>nam</strong></span> <span class='ocrx_word' id='word_1_80' title='bbox 516 1087 605 1144; x_wconf 82' lang='lat' dir='ltr'><strong>quum</strong></span> <span class='ocrx_word' id='word_1_81' title='bbox 615 1086 662 1126; x_wconf 90' lang='lat' dir='ltr'><strong>eae</strong></span> <span class='ocrx_word' id='word_1_82' title='bbox 672 1068 799 1141; x_wconf 91' lang='lat' dir='ltr'><strong>paullum</strong></span> <span class='ocrx_word' id='word_1_83' title='bbox 810 1085 956 1141; x_wconf 85' lang='lat' dir='ltr'><strong>precesse-</strong></span> 
     </span>
     <span class='ocr_line' id='line_1_13' title="bbox 154 1144 954 1221; baseline -0.003 -19"><span class='ocrx_word' id='word_1_84' title='bbox 154 1156 223 1213; x_wconf 81' lang='lat' dir='ltr'><strong>rant,</strong></span> <span class='ocrx_word' id='word_1_85' title='bbox 236 1149 295 1221; x_wconf 78' lang='lat' dir='ltr'><strong>lgui</strong></span> <span class='ocrx_word' id='word_1_86' title='bbox 306 1157 352 1204; x_wconf 87' lang='lat' dir='ltr'><strong>aut</strong></span> <span class='ocrx_word' id='word_1_87' title='bbox 363 1144 504 1219; x_wconf 76' lang='lat' dir='ltr'><strong>lapidibus</strong></span> <span class='ocrx_word' id='word_1_88' title='bbox 515 1145 774 1218; x_wconf 83' lang='lat' dir='ltr'><strong>corrumpebantur:</strong></span> <span class='ocrx_word' id='word_1_89' title='bbox 787 1144 892 1202; x_wconf 80' lang='lat' dir='ltr'><strong>milites</strong></span> <span class='ocrx_word' id='word_1_90' title='bbox 903 1163 954 1200; x_wconf 91' lang='lat' dir='ltr'><strong>ne-</strong></span> 
     </span>
     <span class='ocr_line' id='line_1_14' title="bbox 153 1220 952 1297; baseline -0.005 -17"><span class='ocrx_word' id='word_1_91' title='bbox 153 1239 207 1296; x_wconf 87' lang='lat' dir='ltr'><strong>que</strong></span> <span class='ocrx_word' id='word_1_92' title='bbox 220 1239 270 1297; x_wconf 88' lang='lat' dir='ltr'><strong>pro</strong></span> <span class='ocrx_word' id='word_1_93' title='bbox 285 1240 367 1296; x_wconf 86' lang='lat' dir='ltr'><strong>opere</strong></span> <span class='ocrx_word' id='word_1_94' title='bbox 381 1222 544 1289; x_wconf 81' lang='lat' dir='ltr'><strong>consistere,</strong></span> <span class='ocrx_word' id='word_1_95' title='bbox 568 1230 679 1294; x_wconf 91' lang='lat' dir='ltr'><strong>propter</strong></span> <span class='ocrx_word' id='word_1_96' title='bbox 696 1220 874 1293; x_wconf 88' lang='lat' dir='ltr'><strong>iniquitatem</strong></span> <span class='ocrx_word' id='word_1_97' title='bbox 888 1221 952 1288; x_wconf 78' lang='lat' dir='ltr'><strong>loci,</strong></span> 
     </span>
     <span class='ocr_line' id='line_1_15' title="bbox 153 1297 955 1373; baseline -0.002 -19"><span class='ocrx_word' id='word_1_98' title='bbox 153 1315 242 1373; x_wconf 81' lang='lat' dir='ltr'><strong>raeque</strong></span> <span class='ocrx_word' id='word_1_99' title='bbox 252 1300 323 1356; x_wconf 89' lang='lat' dir='ltr'><strong>inter</strong></span> <span class='ocrx_word' id='word_1_100' title='bbox 333 1300 428 1356; x_wconf 85' lang='lat' dir='ltr'><strong>vineas</strong></span> <span class='ocrx_word' id='word_1_101' title='bbox 438 1299 499 1355; x_wconf 82' lang='lat' dir='ltr'><strong>sine</strong></span> <span class='ocrx_word' id='word_1_102' title='bbox 509 1298 633 1371; x_wconf 87' lang='lat' dir='ltr'><strong>periculo</strong></span> <span class='ocrx_word' id='word_1_103' title='bbox 644 1297 851 1354; x_wconf 88' lang='lat' dir='ltr'><strong>administrare:</strong></span> <span class='ocrx_word' id='word_1_104' title='bbox 871 1306 955 1369; x_wconf 87' lang='lat' dir='ltr'><strong>optu-</strong></span> 
     </span>
     <span class='ocr_line' id='line_1_16' title="bbox 151 1374 954 1466; baseline -0.001 -35"><span class='ocrx_word' id='word_1_105' title='bbox 151 1393 214 1466; x_wconf 78' lang='lat' dir='ltr'><strong>mus</strong></span> <span class='ocrx_word' id='word_1_106' title='bbox 229 1377 349 1449; x_wconf 86' lang='lat' dir='ltr'><strong>quisque</strong></span> <span class='ocrx_word' id='word_1_107' title='bbox 364 1374 463 1432; x_wconf 82' lang='lat' dir='ltr'><strong>cedere</strong></span> <span class='ocrx_word' id='word_1_108' title='bbox 478 1383 525 1430; x_wconf 89' lang='lat' dir='ltr'><strong>aut</strong></span> <span class='ocrx_word' id='word_1_109' title='bbox 535 1374 667 1438; x_wconf 87' lang='lat' dir='ltr'><strong>sauciari;</strong></span> <span class='ocrx_word' id='word_1_110' title='bbox 690 1374 789 1430; x_wconf 87' lang='lat' dir='ltr'><strong>ceteris</strong></span> <span class='ocrx_word' id='word_1_111' title='bbox 801 1381 891 1430; x_wconf 83' lang='lat' dir='ltr'><strong>metus</strong></span> <span class='ocrx_word' id='word_1_112' title='bbox 902 1391 954 1430; x_wconf 88' lang='lat' dir='ltr'><strong>au-</strong></span> 
     </span>
     <span class='ocr_line' id='line_1_17' title="bbox 152 1469 223 1526; baseline -0.028 -16"><span class='ocrx_word' id='word_1_113' title='bbox 152 1469 223 1526; x_wconf 76' lang='lat' dir='ltr'><strong>gera.</strong></span> 
     </span>
    </p>

    <p class='ocr_par' dir='ltr' id='par_1_3' title="bbox 79 1523 954 2804">
     <span class='ocr_line' id='line_1_18' title="bbox 208 1523 954 1592; baseline -0.005 -6"><span class='ocrx_word' id='word_1_114' title='bbox 208 1526 301 1586; x_wconf 83' lang='lat' dir='ltr'><strong>XCIII.</strong></span> <span class='ocrx_word' id='word_1_115' title='bbox 313 1528 347 1582; x_wconf 74' lang='lat' dir='ltr'><strong>st</strong></span> <span class='ocrx_word' id='word_1_116' title='bbox 357 1527 469 1592; x_wconf 81' lang='lat' dir='ltr'><strong>Marius,</strong></span> <span class='ocrx_word' id='word_1_117' title='bbox 481 1525 577 1584; x_wconf 86' lang='lat' dir='ltr'><strong>multis</strong></span> <span class='ocrx_word' id='word_1_118' title='bbox 588 1524 688 1582; x_wconf 90' lang='lat' dir='ltr'><strong>diebu</strong></span> <span class='ocrx_word' id='word_1_119' title='bbox 694 1532 721 1582; x_wconf 93' lang='lat' dir='ltr'><strong>et</strong></span> <span class='ocrx_word' id='word_1_120' title='bbox 732 1523 875 1582; x_wconf 84' lang='lat' dir='ltr'><strong>laboribus</strong></span> <span class='ocrx_word' id='word_1_121' title='bbox 886 1542 954 1582; x_wconf 90' lang='lat' dir='ltr'><strong>oon·</strong></span> 
     </span>
     <span class='ocr_line' id='line_1_19' title="bbox 152 1602 952 1678; baseline -0.005 -16"><span class='ocrx_word' id='word_1_122' title='bbox 152 1605 284 1678; x_wconf 83' lang='lat' dir='ltr'><strong>sumptis.</strong></span> <span class='ocrx_word' id='word_1_123' title='bbox 297 1603 397 1660; x_wconf 85' lang='lat' dir='ltr'><strong>anxius</strong></span> <span class='ocrx_word' id='word_1_124' title='bbox 408 1603 515 1660; x_wconf 84' lang='lat' dir='ltr'><strong>trahere</strong></span> <span class='ocrx_word' id='word_1_125' title='bbox 525 1619 591 1659; x_wconf 90' lang='lat' dir='ltr'><strong>cum</strong></span> <span class='ocrx_word' id='word_1_126' title='bbox 600 1602 691 1658; x_wconf 89' lang='lat' dir='ltr'><strong>animo</strong></span> <span class='ocrx_word' id='word_1_127' title='bbox 701 1618 766 1667; x_wconf 88' lang='lat' dir='ltr'><strong>suo,</strong></span> <span class='ocrx_word' id='word_1_128' title='bbox 778 1602 952 1658; x_wconf 84' lang='lat' dir='ltr'><strong>omitteretne</strong></span> 
     </span>
     <span class='ocr_line' id='line_1_20' title="bbox 153 1676 953 1754; baseline -0.005 -16"><span class='ocrx_word' id='word_1_129' title='bbox 153 1683 306 1754; x_wconf 77' lang='lat' dir='ltr'><strong>inceptum,</strong></span> <span class='ocrx_word' id='word_1_130' title='bbox 327 1678 651 1752; x_wconf 86' lang='lat' dir='ltr'><strong>quoniamlrustreerat‚</strong></span> <span class='ocrx_word' id='word_1_131' title='bbox 672 1676 953 1750; x_wconf 75' lang='lat' dir='ltr'><strong>unfortunamoppe·</strong></span> 
     </span>
     <span class='ocr_line' id='line_1_21' title="bbox 152 1751 951 1829; baseline -0.003 -17"><span class='ocrx_word' id='word_1_132' title='bbox 152 1758 264 1823; x_wconf 68' lang='lat' dir='ltr'><strong>uretur,</strong></span> <span class='ocrx_word' id='word_1_133' title='bbox 279 1773 334 1829; x_wconf 87' lang='lat' dir='ltr'><strong>qua</strong></span> <span class='ocrx_word' id='word_1_134' title='bbox 342 1772 427 1828; x_wconf 91' lang='lat' dir='ltr'><strong>saepe</strong></span> <span class='ocrx_word' id='word_1_135' title='bbox 435 1772 566 1828; x_wconf 87' lang='lat' dir='ltr'><strong>prospere</strong></span> <span class='ocrx_word' id='word_1_136' title='bbox 577 1771 645 1810; x_wconf 87' lang='lat' dir='ltr'><strong>usus</strong></span> <span class='ocrx_word' id='word_1_137' title='bbox 655 1752 754 1810; x_wconf 88' lang='lat' dir='ltr'><strong>lueret.</strong></span> <span class='ocrx_word' id='word_1_138' title='bbox 775 1751 851 1821; x_wconf 83' lang='lat' dir='ltr'><strong>Quae</strong></span> <span class='ocrx_word' id='word_1_139' title='bbox 861 1771 951 1826; x_wconf 86' lang='lat' dir='ltr'><strong>quum</strong></span> 
     </span>
     <span class='ocr_line' id='line_1_22' title="bbox 151 1827 953 1904; baseline -0.004 -16"><span class='ocrx_word' id='word_1_140' title='bbox 151 1833 253 1890; x_wconf 86' lang='lat' dir='ltr'><strong>multos</strong></span> <span class='ocrx_word' id='word_1_141' title='bbox 267 1832 328 1890; x_wconf 91' lang='lat' dir='ltr'><strong>dies</strong></span> <span class='ocrx_word' id='word_1_142' title='bbox 342 1841 492 1904; x_wconf 89' lang='lat' dir='ltr'><strong>noctesque</strong></span> <span class='ocrx_word' id='word_1_143' title='bbox 506 1839 635 1888; x_wconf 86' lang='lat' dir='ltr'><strong>aestuans</strong></span> <span class='ocrx_word' id='word_1_144' title='bbox 649 1830 779 1904; x_wconf 78' lang='lat' dir='ltr'><strong>agitaret,</strong></span> <span class='ocrx_word' id='word_1_145' title='bbox 801 1827 871 1885; x_wconf 89' lang='lat' dir='ltr'><strong>larte</strong></span> <span class='ocrx_word' id='word_1_146' title='bbox 885 1831 953 1902; x_wconf 86' lang='lat' dir='ltr'><strong>qui·</strong></span> 
     </span>
     <span class='ocr_line' id='line_1_23' title="bbox 151 1905 953 1983; baseline -0.001 -20"><span class='ocrx_word' id='word_1_147' title='bbox 151 1907 216 1966; x_wconf 87' lang='lat' dir='ltr'><strong>dam</strong></span> <span class='ocrx_word' id='word_1_148' title='bbox 229 1909 330 1983; x_wconf 81' lang='lat' dir='ltr'><strong>Ligus,</strong></span> <span class='ocrx_word' id='word_1_149' title='bbox 351 1925 387 1964; x_wconf 84' lang='lat' dir='ltr'><strong>ex</strong></span> <span class='ocrx_word' id='word_1_150' title='bbox 400 1905 560 1963; x_wconf 77' lang='lat' dir='ltr'><strong>cohortibus</strong></span> <span class='ocrx_word' id='word_1_151' title='bbox 575 1906 731 1963; x_wconf 84' lang='lat' dir='ltr'><strong>auxiliariis</strong></span> <span class='ocrx_word' id='word_1_152' title='bbox 750 1905 832 1960; x_wconf 88' lang='lat' dir='ltr'><strong>miles</strong></span> <span class='ocrx_word' id='word_1_153' title='bbox 850 1922 953 1979; x_wconf 79' lang='lat' dir='ltr'><strong>grega-</strong></span> 
     </span>
     <span class='ocr_line' id='line_1_24' title="bbox 149 1980 953 2057; baseline -0.001 -19"><span class='ocrx_word' id='word_1_154' title='bbox 149 1983 218 2050; x_wconf 87' lang='lat' dir='ltr'><strong>rius,</strong></span> <span class='ocrx_word' id='word_1_155' title='bbox 233 1983 331 2041; x_wconf 86' lang='lat' dir='ltr'><strong>castris</strong></span> <span class='ocrx_word' id='word_1_156' title='bbox 341 1991 469 2056; x_wconf 83' lang='lat' dir='ltr'><strong>aquatam</strong></span> <span class='ocrx_word' id='word_1_157' title='bbox 478 1999 617 2057; x_wconf 80' lang='lat' dir='ltr'><strong>egressus,</strong></span> <span class='ocrx_word' id='word_1_158' title='bbox 629 1981 705 2038; x_wconf 88' lang='lat' dir='ltr'><strong>haud</strong></span> <span class='ocrx_word' id='word_1_159' title='bbox 714 1981 810 2054; x_wconf 86' lang='lat' dir='ltr'><strong>procul</strong></span> <span class='ocrx_word' id='word_1_160' title='bbox 821 1981 857 2038; x_wconf 90' lang='lat' dir='ltr'><strong>ab</strong></span> <span class='ocrx_word' id='word_1_161' title='bbox 868 1980 953 2038; x_wconf 89' lang='lat' dir='ltr'><strong>latere</strong></span> 
     </span>
     <span class='ocr_line' id='line_1_25' title="bbox 150 2056 954 2133; baseline -0.002 -18"><span class='ocrx_word' id='word_1_162' title='bbox 150 2060 271 2126; x_wconf 78' lang='lat' dir='ltr'><strong>castelli.</strong></span> <span class='ocrx_word' id='word_1_163' title='bbox 287 2060 363 2133; x_wconf 89' lang='lat' dir='ltr'><strong>quod</strong></span> <span class='ocrx_word' id='word_1_164' title='bbox 372 2059 520 2116; x_wconf 87' lang='lat' dir='ltr'><strong>adversum</strong></span> <span class='ocrx_word' id='word_1_165' title='bbox 529 2058 731 2132; x_wconf 89' lang='lat' dir='ltr'><strong>praeliantibus</strong></span> <span class='ocrx_word' id='word_1_166' title='bbox 741 2066 812 2122; x_wconf 84' lang='lat' dir='ltr'><strong>erat,</strong></span> <span class='ocrx_word' id='word_1_167' title='bbox 824 2056 954 2114; x_wconf 88' lang='lat' dir='ltr'><strong>animad-</strong></span> 
     </span>
     <span class='ocr_line' id='line_1_26' title="bbox 150 2135 952 2208; baseline -0.002 -16"><span class='ocrx_word' id='word_1_168' title='bbox 150 2137 233 2194; x_wconf 78' lang='lat' dir='ltr'><strong>vertit</strong></span> <span class='ocrx_word' id='word_1_169' title='bbox 246 2137 318 2194; x_wconf 87' lang='lat' dir='ltr'><strong>inter</strong></span> <span class='ocrx_word' id='word_1_170' title='bbox 332 2152 398 2192; x_wconf 84' lang='lat' dir='ltr'><strong>saxa</strong></span> <span class='ocrx_word' id='word_1_171' title='bbox 413 2143 540 2208; x_wconf 86' lang='lat' dir='ltr'><strong>repentes</strong></span> <span class='ocrx_word' id='word_1_172' title='bbox 559 2135 701 2204; x_wconf 88' lang='lat' dir='ltr'><strong>cochleas;</strong></span> <span class='ocrx_word' id='word_1_173' title='bbox 726 2151 845 2206; x_wconf 85' lang='lat' dir='ltr'><strong>quarum</strong></span> <span class='ocrx_word' id='word_1_174' title='bbox 861 2149 952 2205; x_wconf 86' lang='lat' dir='ltr'><strong>quum</strong></span> 
     </span>
     <span class='ocr_line' id='line_1_27' title="bbox 79 2208 953 2286; baseline -0.002 -20"><span class='ocrx_word' id='word_1_175' title='bbox 79 2215 83 2226; x_wconf 92' lang='lat'>&#39;</span> <span class='ocrx_word' id='word_1_176' title='bbox 149 2225 233 2268; x_wconf 87' lang='lat' dir='ltr'><strong>unam</strong></span> <span class='ocrx_word' id='word_1_177' title='bbox 244 2221 326 2285; x_wconf 88' lang='lat' dir='ltr'><strong>etque</strong></span> <span class='ocrx_word' id='word_1_178' title='bbox 337 2211 463 2276; x_wconf 87' lang='lat' dir='ltr'><strong>alteram,</strong></span> <span class='ocrx_word' id='word_1_179' title='bbox 485 2209 551 2266; x_wconf 91' lang='lat' dir='ltr'><strong>dein</strong></span> <span class='ocrx_word' id='word_1_180' title='bbox 561 2210 656 2286; x_wconf 86' lang='lat' dir='ltr'><strong>plures</strong></span> <span class='ocrx_word' id='word_1_181' title='bbox 669 2219 786 2283; x_wconf 86' lang='lat' dir='ltr'><strong>peteret,</strong></span> <span class='ocrx_word' id='word_1_182' title='bbox 806 2208 899 2265; x_wconf 75' lang='lat' dir='ltr'><strong>studIo</strong></span> <span class='ocrx_word' id='word_1_183' title='bbox 909 2209 953 2264; x_wconf 89' lang='lat' dir='ltr'><strong>le-</strong></span> 
     </span>
     <span class='ocr_line' id='line_1_28' title="bbox 148 2286 952 2362; baseline -0.002 -20"><span class='ocrx_word' id='word_1_184' title='bbox 148 2286 238 2362; x_wconf 77' lang='lat' dir='ltr'><strong>gundi</strong></span> <span class='ocrx_word' id='word_1_185' title='bbox 253 2288 398 2362; x_wconf 86' lang='lat' dir='ltr'><strong>paullatim</strong></span> <span class='ocrx_word' id='word_1_186' title='bbox 411 2304 496 2359; x_wconf 88' lang='lat' dir='ltr'><strong>prope</strong></span> <span class='ocrx_word' id='word_1_187' title='bbox 506 2286 542 2342; x_wconf 88' lang='lat' dir='ltr'><strong>ad</strong></span> <span class='ocrx_word' id='word_1_188' title='bbox 551 2303 691 2342; x_wconf 89' lang='lat' dir='ltr'><strong>summum</strong></span> <span class='ocrx_word' id='word_1_189' title='bbox 708 2287 808 2342; x_wconf 89' lang='lat' dir='ltr'><strong>montis</strong></span> <span class='ocrx_word' id='word_1_190' title='bbox 821 2301 952 2359; x_wconf 78' lang='lat' dir='ltr'><strong>egressus</strong></span> 
     </span>
     <span class='ocr_line' id='line_1_29' title="bbox 149 2361 953 2438; baseline -0.005 -18"><span class='ocrx_word' id='word_1_191' title='bbox 149 2371 199 2422; x_wconf 84' lang='lat' dir='ltr'><strong>cst.</strong></span> <span class='ocrx_word' id='word_1_192' title='bbox 240 2363 292 2419; x_wconf 89' lang='lat' dir='ltr'><strong>Ubi</strong></span> <span class='ocrx_word' id='word_1_193' title='bbox 305 2374 451 2438; x_wconf 85' lang='lat' dir='ltr'><strong>postquam</strong></span> <span class='ocrx_word' id='word_1_194' title='bbox 461 2361 641 2419; x_wconf 89' lang='lat' dir='ltr'><strong>solitudinem</strong></span> <span class='ocrx_word' id='word_1_195' title='bbox 652 2362 804 2427; x_wconf 83' lang='lat' dir='ltr'><strong>intellexit,</strong></span> <span class='ocrx_word' id='word_1_196' title='bbox 820 2378 895 2416; x_wconf 91' lang='lat' dir='ltr'><strong>more</strong></span> <span class='ocrx_word' id='word_1_197' title='bbox 906 2361 953 2416; x_wconf 93' lang='lat' dir='ltr'><strong>in-</strong></span> 
     </span>
     <span class='ocr_line' id='line_1_30' title="bbox 150 2435 954 2516; baseline -0.005 -20"><span class='ocrx_word' id='word_1_198' title='bbox 150 2442 213 2516; x_wconf 79' lang='lat' dir='ltr'><strong>geni</strong></span> <span class='ocrx_word' id='word_1_199' title='bbox 229 2439 344 2496; x_wconf 86' lang='lat' dir='ltr'><strong>humani</strong></span> <span class='ocrx_word' id='word_1_200' title='bbox 359 2439 461 2511; x_wconf 86' lang='lat' dir='ltr'><strong>cupido</strong></span> <span class='ocrx_word' id='word_1_201' title='bbox 476 2436 603 2495; x_wconf 84' lang='lat' dir='ltr'><strong>difficilia</strong></span> <span class='ocrx_word' id='word_1_202' title='bbox 618 2435 742 2494; x_wconf 83' lang='lat' dir='ltr'><strong>faciundi</strong></span> <span class='ocrx_word' id='word_1_203' title='bbox 761 2438 886 2492; x_wconf 88' lang='lat' dir='ltr'><strong>animum</strong></span> <span class='ocrx_word' id='word_1_204' title='bbox 900 2436 954 2492; x_wconf 88' lang='lat' dir='ltr'><strong>ad-</strong></span> 
     </span>
     <span class='ocr_line' id='line_1_31' title="bbox 149 2510 952 2586; baseline -0.007 -12"><span class='ocrx_word' id='word_1_205' title='bbox 149 2517 241 2576; x_wconf 82' lang='lat' dir='ltr'><strong>vertit.</strong></span> <span class='ocrx_word' id='word_1_206' title='bbox 261 2515 296 2570; x_wconf 90' lang='lat' dir='ltr'><strong>Et</strong></span> <span class='ocrx_word' id='word_1_207' title='bbox 306 2513 374 2570; x_wconf 86' lang='lat' dir='ltr'><strong>forte</strong></span> <span class='ocrx_word' id='word_1_208' title='bbox 385 2517 414 2570; x_wconf 93' lang='lat' dir='ltr'><strong>in</strong></span> <span class='ocrx_word' id='word_1_209' title='bbox 425 2532 456 2570; x_wconf 88' lang='lat' dir='ltr'><strong>eo</strong></span> <span class='ocrx_word' id='word_1_210' title='bbox 467 2513 526 2570; x_wconf 91' lang='lat' dir='ltr'><strong>Ioco</strong></span> <span class='ocrx_word' id='word_1_211' title='bbox 536 2514 650 2586; x_wconf 83' lang='lat' dir='ltr'><strong>grandis</strong></span> <span class='ocrx_word' id='word_1_212' title='bbox 663 2510 718 2567; x_wconf 88' lang='lat' dir='ltr'><strong>ilex</strong></span> <span class='ocrx_word' id='word_1_213' title='bbox 729 2512 867 2568; x_wconf 81' lang='lat' dir='ltr'><strong>coaluerat</strong></span> <span class='ocrx_word' id='word_1_214' title='bbox 876 2513 952 2568; x_wconf 89' lang='lat' dir='ltr'><strong>inter</strong></span> 
     </span>
     <span class='ocr_line' id='line_1_32' title="bbox 149 2583 949 2664; baseline -0.009 -13"><span class='ocrx_word' id='word_1_215' title='bbox 149 2611 230 2658; x_wconf 86' lang='lat' dir='ltr'><strong>saxa,</strong></span> <span class='ocrx_word' id='word_1_216' title='bbox 244 2589 366 2664; x_wconf 91' lang='lat' dir='ltr'><strong>paullum</strong></span> <span class='ocrx_word' id='word_1_217' title='bbox 377 2589 459 2642; x_wconf 90' lang='lat' dir='ltr'><strong>modo</strong></span> <span class='ocrx_word' id='word_1_218' title='bbox 469 2604 568 2659; x_wconf 87' lang='lat' dir='ltr'><strong>prone;</strong></span> <span class='ocrx_word' id='word_1_219' title='bbox 583 2585 683 2641; x_wconf 90' lang='lat' dir='ltr'><strong>deinde</strong></span> <span class='ocrx_word' id='word_1_220' title='bbox 695 2583 765 2642; x_wconf 84' lang='lat' dir='ltr'><strong>flexa</strong></span> <span class='ocrx_word' id='word_1_221' title='bbox 774 2597 857 2660; x_wconf 87' lang='lat' dir='ltr'><strong>utque</strong></span> <span class='ocrx_word' id='word_1_222' title='bbox 869 2598 949 2644; x_wconf 89' lang='lat' dir='ltr'><strong>aucta</strong></span> 
     </span>
     <span class='ocr_line' id='line_1_33' title="bbox 149 2659 948 2730; baseline -0.015 -6"><span class='ocrx_word' id='word_1_223' title='bbox 149 2669 179 2727; x_wconf 93' lang='lat' dir='ltr'><strong>in</strong></span> <span class='ocrx_word' id='word_1_224' title='bbox 194 2663 379 2726; x_wconf 74' lang='lat' dir='ltr'><strong>altitudinem,</strong></span> <span class='ocrx_word' id='word_1_225' title='bbox 400 2677 455 2730; x_wconf 88' lang='lat' dir='ltr'><strong>quo</strong></span> <span class='ocrx_word' id='word_1_226' title='bbox 470 2668 567 2714; x_wconf 88' lang='lat' dir='ltr'><strong>cuneta</strong></span> <span class='ocrx_word' id='word_1_227' title='bbox 583 2659 758 2730; x_wconf 78' lang='lat' dir='ltr'><strong>gignentium</strong></span> <span class='ocrx_word' id='word_1_228' title='bbox 772 2663 948 2718; x_wconf 65' lang='lat' dir='ltr'><strong>naturalem:</strong></span> 
     </span>
     <span class='ocr_line' id='line_1_34' title="bbox 148 2730 951 2804; baseline -0.014 1"><span class='ocrx_word' id='word_1_229' title='bbox 148 2746 230 2804; x_wconf 85' lang='lat' dir='ltr'><strong>ouius</strong></span> <span class='ocrx_word' id='word_1_230' title='bbox 240 2739 322 2802; x_wconf 73' lang='lat' dir='ltr'><strong>remit</strong></span> <span class='ocrx_word' id='word_1_231' title='bbox 331 2731 421 2800; x_wconf 67' lang='lat' dir='ltr'><strong>modo,</strong></span> <span class='ocrx_word' id='word_1_232' title='bbox 432 2731 514 2790; x_wconf 90' lang='lat' dir='ltr'><strong>mode</strong></span> <span class='ocrx_word' id='word_1_233' title='bbox 524 2730 712 2788; x_wconf 88' lang='lat' dir='ltr'><strong>eminentibus</strong></span> <span class='ocrx_word' id='word_1_234' title='bbox 723 2737 799 2792; x_wconf 83' lang='lat' dir='ltr'><strong>saxis</strong></span> <span class='ocrx_word' id='word_1_235' title='bbox 809 2737 889 2794; x_wconf 84' lang='lat' dir='ltr'><strong>nisus</strong></span> <span class='ocrx_word' id='word_1_236' title='bbox 900 2739 951 2794; x_wconf 87' lang='lat' dir='ltr'><strong>Li-</strong></span> 
     </span>
    </p>
   </div>
   <div class='ocr_carea' id='block_1_3' title="bbox 0 0 1040 3036">
    <p class='ocr_par' dir='ltr' id='par_1_4' title="bbox 0 0 1040 3036">
     <span class='ocr_line' id='line_1_35' title="bbox 0 0 1040 3036; baseline 0 2"><span class='ocrx_word' id='word_1_237' title='bbox 0 0 1040 3036; x_wconf 95' lang='lat' dir='ltr'><strong> </strong></span> 
     </span>
    </p>
   </div>
  </div>
 </body>
</html>
