2058 3032
260 189 550 236 IUGURTHINUM.
576 190 694 236 caet.
795 229 800 236 .
866 187 896 237 5l

92 307 182 364 quum
202 269 364 362 pracsertim
376 309 474 348 omnes
489 308 580 346 rerum
596 291 760 348 mutationes
775 291 897 358 caedem,

7 373 9 420 ζ
94 366 200 440 lugam,
214 367 353 432 incendia,
366 367 476 438 aliaque
486 367 598 423 hostilia
607 367 784 438 portendant3
799 368 899 426 frustra

92 450 187 498 autem
202 443 268 508 niti,
294 460 386 516 neque
401 443 478 498 aliud
495 460 525 498 se
539 442 694 515 fatigando,
717 445 772 497 nisi
791 444 897 508 odium,

92 536 241 590 quaerere,
263 527 401 575 extremae
417 519 571 590 &montiae
587 527 640 586 est3
664 520 719 573 nisi
734 518 801 574 forte
816 537 899 592 quem

92 595 238 650 inhonesta
255 604 282 650 et
296 596 453 667 perniciosa
467 594 564 651 lubido
573 602 661 659 tenet,
681 596 819 666 potentiae
829 613 900 668 pau·

92 688 190 726 corum
201 670 286 726 decus
298 680 380 744 atque
390 671 546 726 libertatem
556 688 635 727 suam
645 670 805 744 gratificari.

149 746 196 802 tv.
208 745 336 802 Ceterum
347 765 382 802 ex
393 747 457 806 aliis
468 748 600 821 negotiis,
613 763 684 818 quse
695 748 809 821 ingenio
820 763 900 803 exer-

92 831 204 886 centur,
220 823 249 876 in
258 824 358 895 primis
369 840 469 897 magno
479 824 544 878 usui
555 831 596 883 est
605 824 738 880 memoria
747 840 840 879 rerum
850 840 901 898 ge-

92 907 211 954 starum:
234 901 314 954 cuius
325 899 360 954 de
370 901 472 954 virtute
482 900 548 971 quia
558 899 639 954 multi
651 899 761 964 dixere,
778 908 901 972 praeter-

92 973 217 1033 eundum
227 984 307 1046 put0;
329 976 413 1031 simul
425 992 459 1030 ne
469 991 519 1048 per
529 976 703 1031 insolentiam
718 976 783 1047 quis
793 976 901 1032 existu-

92 1059 149 1108 met
163 1059 265 1112 memet
278 1051 404 1107 studium
417 1069 510 1108 meum
521 1051 660 1106 laudando
670 1052 812 1109 extollere.
851 1052 900 1108 At·
946 1072 949 1086 ⁴

91 1144 148 1199 que
163 1143 214 1201 ego
230 1127 312 1183 credo
327 1127 398 1192 lore,
421 1128 487 1200 qui,
509 1129 575 1199 quia
591 1128 702 1184 decrevi
717 1128 814 1201 procul
827 1146 842 1183 a
855 1146 900 1183 re-

92 1202 207 1276 publica
218 1212 334 1259 aetatem
345 1221 440 1277 agere,
456 1212 531 1259 tanto
542 1212 654 1277 tamque
665 1205 728 1260 utili
741 1204 828 1259 labori
839 1221 900 1260 meo

91 1296 193 1335 nomen
204 1279 319 1335 inertiae
330 1281 486 1352 imponant:
500 1289 586 1345 certe,
599 1280 703 1353 quibus
714 1297 845 1337 maxuma
856 1282 900 1336 in-

92 1355 200 1414 dustria
210 1356 331 1422 videtur,
345 1357 465 1412 salutare
473 1357 586 1428 plebem
596 1365 624 1411 et
633 1357 771 1412 conviviis
782 1359 897 1432 gratiam

91 1449 235 1505 quaerere.
266 1431 320 1500 Qui
329 1434 354 1488 si
363 1433 566 1504 reputaverint,
580 1441 607 1488 et
616 1434 720 1505 quibus
731 1449 783 1507 ego
793 1443 900 1506 tempo-

90 1509 171 1564 ribus
186 1509 363 1583 magistratus
376 1510 494 1581 adeptus
504 1510 575 1574 sim,
601 1517 629 1564 et
643 1509 740 1581 quales
754 1510 809 1564 viri
824 1497 899 1564 idern

91 1586 205 1657 assequi
215 1587 407 1657 nequiverint,
419 1595 446 1640 et
456 1594 550 1658 postea
560 1601 632 1657 quae
642 1602 744 1658 genera
754 1585 899 1641 bominum

89 1663 120 1716 in
131 1669 258 1716 senatum
271 1664 461 1734 pervenerint,
479 1660 601 1734 prolecto
617 1661 839 1727 existumabunt,
855 1680 900 1716 me

90 1737 182 1812 magis
196 1739 308 1803 merito,
335 1755 419 1809 quam
434 1738 561 1811 ignavia,
586 1737 724 1794 iudicium
742 1738 828 1792 animi
843 1739 899 1794 mei

90 1813 261 1878 mutavisse,
276 1814 423 1886 maiusque
434 1813 610 1869 commodum
619 1830 654 1871 ex
663 1815 719 1870 otio
729 1829 802 1880 meo,
814 1831 900 1892 quam

90 1907 127 1946 ex
137 1889 255 1946 aliorum
263 1890 737 1964 negotiis,reipublicaeveuturum.
758 1890 828 1946 Nam
836 1909 900 1947 sae-

89 1983 129 2038 pe
136 1981 187 2038 ego
199 1965 304 2031 audivi,
320 1964 354 2033 Q.
365 1966 537 2031 Maxumum,
551 1967 582 2022 P.
595 1966 764 2039 Scipionem,
776 1977 899 2040 praeter-

90 2061 124 2098 ea
143 2041 265 2098 civitatis
285 2050 394 2097 nostrae
412 2043 569 2114 praeclaros
587 2043 662 2099 viros
681 2042 777 2098 solitos
795 2043 834 2100 ita
853 2045 899 2100 di-

89 2135 163 2182 cere,
175 2134 263 2190 quum
273 2119 899 2192 maiorumimaginesiutuerentur,vehemen-

90 2195 207 2250 tissume
221 2194 278 2250 sibi
294 2195 419 2250 animum
429 2194 464 2250 ad
474 2195 606 2251 virtutem
620 2193 744 2251 accendi.
785 2196 899 2254 Scilicet

90 2288 146 2326 non
161 2287 254 2326 ceram
269 2270 347 2326 illam
362 2287 453 2342 neque
469 2269 586 2344 figuram
602 2279 704 2326 tantam
719 2272 777 2327 vim
791 2273 821 2329 in
836 2290 898 2330 sese

89 2347 206 2416 babere3
229 2346 278 2402 sed
290 2347 421 2402 memoria
431 2364 524 2403 rerum
538 2356 678 2421 gestarum
689 2365 751 2402 eam
759 2346 897 2406 flammam

89 2423 212 2496 egregiis
222 2423 292 2478 viris
303 2423 452 2494 inpactore
462 2440 599 2489 crescere,
619 2441 710 2495 neque
724 2426 803 2497 prius
816 2426 898 2482 seda-

89 2500 124 2564 ri,
131 2500 312 2571 quamvirtus
322 2515 417 2554 eorum
428 2498 529 2556 lamam
540 2507 622 2572 atque
631 2499 749 2574 gloriam
759 2499 898 2574 adaequa-

90 2577 170 2630 verit.
192 2573 227 2630 ,lt
238 2583 341 2640 contra,
353 2576 418 2646 quis
428 2583 470 2630 est
479 2576 614 2641 omnium,
627 2576 671 2632 his
681 2578 816 2642 moribus,
828 2579 875 2648 qu?

90 2651 200 2707 divitiis
210 2660 237 2707 et
247 2651 420 2724 sumptibus,
435 2668 490 2706 nou
501 2653 636 2723 probitate
647 2669 737 2724 neque
748 2652 839 2707 indus¹

89 2727 316 2786 cummaioribus
326 2727 385 2782 sru's
396 2727 559 2782 contendat?
578 2729 807 2856 Etiamllrominer

716 2807 732 2861 2
