2070 3036
147 168 181 218 ἢ
303 172 330 218 G.
351 171 406 218 GR.
428 171 634 218 SALLua'ru
652 173 807 218 BELLUM

146 289 209 330 rum
220 271 285 328 tuti
295 279 386 328 eastra
399 271 594 329 circumvenit.
633 272 737 330 Milites
748 273 881 339 llomaui,
898 291 960 347 per-

147 349 218 405 culsi
230 348 351 405 tumultu
363 347 488 412 insolito,
502 365 579 403 arma
589 365 687 421 capere
697 349 761 412 alii,
776 348 827 406 alii
838 368 901 408 sese
911 351 960 408 ab·

145 424 225 493 dere3
252 441 317 496 pars
336 425 445 479 territes
464 423 640 492 confirmatu
668 424 809 497 trepidare
828 427 959 483 omnibus

146 500 227 556 locis:
241 501 285 556 vis
291 514 390 574 magna
397 498 528 562 hostium,
540 499 649 555 coelum
655 509 734 556 nocte
740 510 823 573 atque
836 502 959 558 nubibus

144 577 338 645 obscuratum
351 574 508 647 periculum
519 591 636 648 anceps:
650 584 804 648 postremo,
817 576 915 651 lugere
925 597 958 632 an

145 669 256 708 manere
271 653 359 708 tutius
375 650 456 713 foret,
478 651 507 705 in
523 651 628 706 incerto
643 659 711 708 erat.
751 652 806 708 Sed
817 670 853 708 ex
864 670 896 708 eo
908 671 960 709 nu-

146 747 234 790 mero,
260 745 330 799 quos
347 725 442 799 paullo
457 734 520 782 ante
534 736 676 800 corruptos
695 727 835 788 diximus.
862 729 960 786 cohors

145 821 201 860 una
212 805 346 877 Ligurum
363 818 426 857 cum
441 801 551 857 duabus
564 804 664 858 turmis
677 803 814 859 Thracum
824 813 852 859 et
861 807 961 877 paucis

145 881 282 956 gregariis
297 878 437 934 militibus
452 879 585 934 transiere
604 878 639 936 ad
652 895 761 954 regem:
787 889 815 934 et
834 882 973 945 centurio.

143 955 283 1030 primipili
294 954 390 1010 tertiae
399 953 519 1027 legionis
528 971 578 1025 per
588 954 785 1019 munitionem,
801 973 903 1028 quam,
919 959 960 1013 uti

145 1031 315 1094 defenderet,
327 1037 483 1103 acceperat,
496 1030 587 1086 locum
597 1029 726 1088 hostibus
737 1031 898 1088 introeundi
909 1033 961 1088 de-

144 1108 200 1164 dit:
223 1123 311 1178 eaque
325 1104 465 1162 Numidae
479 1107 572 1162 cuncti
588 1107 725 1177 irrupere.
764 1109 858 1163 Nostri
879 1107 960 1166 lusda

143 1183 224 1261 luga,
240 1183 370 1255 plerique
382 1181 498 1238 abiectis
509 1183 607 1247 armis,
620 1199 789 1254 proxumum
799 1184 901 1240 collem
911 1203 963 1241 oo·

145 1275 297 1333 cupavere:
320 1274 376 1313 nox
391 1265 473 1330 atque
487 1258 591 1330 praeda
605 1265 759 1314 castrorum
777 1259 880 1323 hostis,
903 1277 962 1334 quo

144 1337 238 1392 minus
258 1334 375 1390 victoria
394 1343 549 1399 uterentur,
580 1343 715 1390 remorata
737 1343 813 1392 suut.
853 1336 963 1394 Deinde

143 1410 276 1487 lugurtha
290 1417 400 1483 postero
415 1409 463 1466 die
472 1427 538 1466 cum
547 1409 617 1466 Aulo
627 1410 657 1465 in
668 1410 808 1482 colloquio
819 1411 906 1470 verba
918 1411 963 1470 ia-

144 1489 183 1545 cit
194 1508 200 1544 :
220 1487 330 1543 tametsi
340 1487 436 1560 ipsum
446 1503 511 1543 cum
522 1487 646 1544 exercitu
656 1485 730 1542 fame
740 1485 869 1560 terreque
879 1489 963 1546 clau·

143 1581 207 1622 sum
223 1571 309 1628 tenet.
326 1571 478 1628 tamense,
494 1564 677 1621 humanarum
693 1579 960 1632 rerummemorem,

144 1639 275 1698 sisecum
286 1638 385 1696 foedus
396 1638 511 1708 laceret,
529 1639 683 1698 incolumes
692 1640 784 1706 omnis
794 1640 849 1696 sub
858 1643 960 1716 iugum

144 1719 310 1774 missurum:
327 1725 482 1788 praeterea,
492 1717 534 1773 uti
545 1715 646 1773 diebus
657 1715 753 1772 decem
763 1716 897 1774 Numidia
908 1717 963 1774 de·

143 1793 264 1850 cederet.
309 1791 385 1859 Quae
404 1809 574 1866 quamquam
593 1792 691 1864 gravia
708 1801 736 1848 et
755 1789 854 1867 llagitii
874 1793 963 1866 plena

142 1877 233 1933 erant,
244 1877 349 1931 tamen,
361 1869 428 1940 quia
439 1869 535 1923 mortis
545 1874 620 1922 metu
631 1867 788 1934 mutabant,
802 1869 887 1926 sicuti
897 1873 962 1946 regi
1022 1913 1023 1920 κ

144 1943 286 2010 lubuerat,
302 1943 505 2017 paxconvenit.

198 2021 330 2076 XXXIX.
345 2017 401 2075 Sed
410 2017 461 2074 ubi
471 2034 503 2073 ea
513 2017 614 2073 Romoe
624 2028 764 2092 comperta
774 2028 853 2086 sunt,
865 2031 962 2080 metus

142 2103 226 2168 atque
246 2112 353 2152 moeror
373 2093 515 2150 civitatem
533 2094 675 2150 invasere:
704 2111 770 2168 pars
791 2095 886 2154 dolere
908 2116 963 2172 pro

140 2169 230 2246 gloria
241 2171 367 2244 imperii:
379 2185 453 2243 pars,
464 2169 577 2226 insolita
588 2185 681 2226 rerum
692 2170 866 2238 bellicarum,
873 2173 963 2232 time-

140 2263 170 2301 re
182 2245 319 2304 libertati:
336 2244 408 2303 Aulo
418 2261 515 2301 omnes
524 2245 629 2310 infesti,
640 2264 673 2303 ac
683 2265 822 2312 maxume,
833 2250 884 2322 qui
895 2250 963 2308 bel-

141 2321 168 2378 lo
182 2339 265 2396 saepe
284 2320 421 2394 praeclari
440 2320 562 2393 luerem
583 2323 659 2396 quod
679 2331 800 2380 armatus
820 2325 964 2384 dedecore

140 2397 247 2471 potius,
275 2413 360 2469 quam
375 2413 472 2461 manu,
498 2398 617 2456 sulutem
634 2399 820 2471 quaesiverat.
860 2401 904 2458 Ob
928 2421 964 2460 ea

142 2473 241 2531 Consul
253 2473 387 2538 Albinus,
399 2491 434 2530 ex
445 2473 548 2531 delicte
558 2475 651 2532 fratris
661 2474 799 2532 iuvidiam
809 2493 842 2532 ac
851 2477 963 2536 deinde

141 2549 297 2624 periculum
312 2549 427 2614 timens,
451 2549 584 2607 Senatum
598 2551 633 2607 de
653 2549 763 2606 loedere
782 2547 961 2618 consuebat.

143 2637 170 2685 et
187 2636 277 2685 tamen
297 2624 408 2679 interim
425 2627 562 2682 exercitui
580 2625 805 2698 supplementum
820 2630 960 2694 scribere.

144 2705 179 2761 ab
194 2705 276 2762 sociis
290 2708 316 2758 et
330 2699 441 2755 nemine
455 2700 553 2756 Latino
567 2701 672 2758 auxilia
693 2717 846 2767 accersere,
872 2706 963 2764 dani·
