2070 3036
250 209 537 281 ruouaruinurc.
558 220 637 275 car.
657 223 691 288 as.
824 220 873 290 tat

62 339 109 391 re;
135 327 230 384 eteaa
268 321 514 388 reinteriuvidos,
530 323 715 393 occursantis,
732 323 870 396 factiosos,

60 397 214 472 opinione,
251 398 362 462 uirites‚
374 399 500 476 asperius
510 407 561 455 est.
600 395 643 463 Aa
653 397 715 465 hoc,
728 401 811 460 aliisi
823 405 873 461 de·

7 517 8 520 ,
61 478 187 549 liquere,
200 473 280 538 vetus
291 474 431 540 nobilitas,
444 475 579 538 maiorum
590 473 670 534 fortia
680 475 760 546 tacta,
770 496 873 553 cogna-

60 563 159 611 torum
175 559 202 606 et
217 549 343 606 affinium
361 567 442 624 opes,
472 552 576 612 multae
594 551 753 618 clientelae,
778 557 871 616 omnia

7 629 8 692 f
60 631 136 686 haec
150 626 292 700 praesidio
311 626 425 685 adsunt:
451 628 521 685 mihi
536 644 600 704 spes
615 644 711 684 omnes
726 629 756 686 in
771 642 872 697 memet

7 733 8 736 ¹
59 707 151 768 sitae,
164 703 868 779 quasnecesseestetvirtutcetianocentiatutari;

60 799 131 838 nam
142 778 197 836 alia
207 778 317 836 infirma
327 786 402 835 sunt.
441 779 476 834 Et
489 778 717 855 illudintellego,
738 781 869 851 Quirites,

58 857 193 914 omnium
208 872 254 910 ora
269 855 300 917 in
314 872 358 911 me
372 871 505 914 convorsa
516 873 591 913 csse:
614 872 717 928 aequos
729 856 870 932 bonosque

59 935 162 992 favere
183 930 297 1020 (qnippe
316 931 387 986 bene
411 929 482 986 iacta
502 948 563 986 mea
583 932 756 1004 reipublicae
773 952 871 1008 prooe-

59 1008 163 1082 dunt);
179 1007 352 1066 nobilitatem
362 1008 454 1065 locum
464 1007 617 1063 invadendi
627 1025 771 1082 quaerere.
810 1010 870 1080 Quo

59 1084 138 1142 mihi
150 1084 242 1140 acrius
252 1082 433 1141 adnitendum
445 1091 496 1148 est,
508 1083 548 1140 uti
559 1101 650 1156 neque
661 1102 710 1140 vos
720 1087 870 1160 capiamini

59 1172 91 1220 et
105 1161 152 1218 illi
168 1159 269 1216 frustra
283 1161 350 1218 sint.
389 1161 428 1215 lta
443 1159 479 1215 ad
492 1159 544 1216 hoc
554 1161 650 1219 aetatis
660 1179 675 1216 a
686 1163 804 1235 pueritia
817 1164 867 1231 fui,

59 1247 94 1296 ut
104 1235 199 1293 omnis
210 1235 332 1301 labores,
351 1235 476 1312 pericula
486 1244 616 1298 consueta
628 1236 755 1296 habeam.
794 1238 870 1308 Quae

60 1322 130 1372 ante
142 1319 234 1370 vostra
246 1311 379 1370 beneficia
389 1312 509 1386 gratuito
519 1310 670 1380 faciebam,
682 1331 714 1372 aa
724 1315 780 1380 uti,
792 1333 871 1373 acce-

58 1401 111 1466 pta
124 1387 267 1454 mercede,
287 1389 425 1453 deseram,
442 1406 497 1444 non
507 1385 720 1456 estconsilium,
736 1390 868 1459 Quirites.

58 1467 125 1525 lllis
136 1463 255 1524 difficile
269 1473 311 1532 est
325 1464 354 1519 in
369 1463 552 1538 potestatibus
566 1472 735 1538 temperare,
755 1469 805 1539 qui
819 1486 870 1542 per

59 1541 248 1601 ambitionem
275 1557 336 1598 sese
362 1540 463 1617 probos
492 1540 674 1596 simulavere:
704 1541 789 1608 milri,
820 1546 869 1616 qui

59 1633 179 1690 omnem
193 1624 309 1674 aetatem
324 1617 354 1672 in
368 1616 489 1690 optumis
505 1615 611 1672 artibus
626 1617 687 1688 egi,
708 1613 870 1676 benefacere

59 1701 121 1754 iam
137 1711 174 1750 ex
189 1692 389 1751 consuetudine
398 1693 427 1746 in
438 1699 564 1746 naturam
575 1689 669 1746 vertit.
706 1691 814 1756 Bellum
826 1713 870 1752 me

57 1788 162 1849 gerere
178 1785 242 1826 eum
256 1767 389 1844 iugurtha
403 1767 539 1836 iussistis,
561 1784 646 1840 quam
664 1784 722 1824 rem
737 1769 869 1831 nobilitas

58 1863 229 1924 aegerrume
240 1844 314 1903 tulit.
353 1844 473 1912 Quaeso,
496 1851 621 1919 reputate
634 1860 697 1898 oum
709 1846 810 1902 animis
820 1866 870 1905 vo·

58 1925 139 1992 stris,
153 1938 221 1978 num
232 1921 262 1978 id
273 1922 373 1980 matari
383 1921 484 1976 melius
494 1918 545 1987 sit;
554 1921 578 1974 si
589 1936 673 1992 quem
683 1937 719 1978 ex
728 1921 777 1976 illo
785 1922 869 1998 globo

59 1999 220 2060 nobilitatis
235 1997 270 2052 ad
285 1997 337 2054 boc
352 2005 398 2052 aut
411 1996 487 2052 aliud
505 1993 561 2050 tale
579 1997 722 2070 negotium
743 1999 867 2066 mittatis,

58 2077 208 2134 bominem
222 2075 323 2129 veteris
338 2074 481 2145 prosapiae
496 2088 528 2128 ac
542 2071 692 2128 multarum
702 2074 867 2150 imaginum,

58 2164 88 2210 et
98 2151 211 2208 nullius
221 2149 369 2224 stipendii:
390 2149 498 2204 scilicet
511 2156 543 2203 ut
555 2148 585 2203 in
599 2156 673 2203 tanta
688 2166 732 2214 re,
753 2151 868 2226 ignarus

57 2229 202 2290 omniurn,
214 2225 342 2299 trepidet,
354 2224 474 2289 festinet,
486 2233 579 2280 sumat
589 2225 711 2297 aliquem
719 2241 755 2280 ex
765 2227 868 2300 populo

58 2304 230 2364 monitorem
247 2301 333 2358 oflicii
353 2303 408 2358 sui.
448 2302 488 2356 lta
507 2301 673 2374 plerumque
693 2303 799 2370 evenit,
825 2312 866 2371 ut,

58 2398 150 2458 quem
170 2397 221 2436 vos
237 2380 373 2452 imperare
393 2377 530 2441 iussistis,
554 2377 580 2431 is
598 2376 654 2431 sibi
674 2377 868 2453 imperatorem

58 2462 153 2517 alium
164 2465 288 2528 quaerat.
327 2453 417 2525 Atque
427 2469 478 2527 ego
488 2453 557 2517 scio,
572 2451 703 2519 Quirites,
718 2456 778 2527 qui,
789 2466 868 2530 post-

58 2552 149 2611 quam
160 2532 294 2589 Consules
309 2530 373 2586 lacti
383 2537 462 2593 sunt,
485 2537 544 2587 acta
558 2529 693 2586 maiorum
708 2539 735 2588 et
748 2532 868 2590 Graeco·

59 2629 126 2670 rum
138 2607 269 2664 militaria
280 2614 425 2680 praecepta
433 2605 683 2679 legerecoeperint3
696 2611 866 2682 praeposteri

59 2685 203 2754 homiues.
242 2685 312 2738 Nam
325 2698 435 2757 gerere,
458 2697 543 2754 quam
563 2679 623 2736 fieri
638 2690 760 2756 tempore
773 2693 868 2758 postc-

58 2768 139 2827 rius,
150 2776 181 2815 re
190 2766 272 2830 atque
282 2774 335 2814 usu
345 2757 424 2831 prius
434 2766 486 2814 est.
507 2756 667 2831 Comparate
678 2759 849 2828 nuno,Quiri
