2058 3032
148 213 182 266 'll
304 218 329 262 0.
351 217 406 262 CR.
427 215 806 266 summasunmna

149 320 223 376 locos
238 325 266 374 et
279 325 433 374 conventus
450 315 486 372 do
504 317 576 373 lacto
594 315 723 372 Consulis
744 317 858 390 agitari:
885 317 964 390 apud

148 394 261 468 plebem
270 393 366 468 gravis
376 390 498 448 invidia:
518 392 612 448 Patres
620 391 735 448 solliciti
746 401 837 462 arant3
857 394 964 465 proba-

148 478 245 526 rentne
255 477 361 526 tuntum
371 465 523 543 flagitium,
545 484 580 524 an
596 467 738 524 decretum
747 467 878 524 Consulis
892 469 960 526 sub-

149 555 302 611 verterent,
314 561 413 618 parum
424 543 576 599 constabat.
615 542 655 598 ac
665 557 795 599 maxume
805 560 853 599 eos
861 553 964 616 poten-

149 622 187 678 tia
198 620 310 686 Scauri,
325 619 400 693 ‹puod
411 621 436 674 ie
447 626 577 676 auctorat
586 619 679 684 socius
688 619 797 676 Bestiae
807 617 961 685 ferebatur,

148 713 239 755 avene
249 697 377 770 bonoque
387 694 568 767 impediebat.
608 693 858 762 th.blemmius,
877 696 963 752 ouius

147 772 183 830 da
194 773 322 829 libertate
331 771 439 844 ingenii
450 779 477 826 et
486 770 552 827 odio
560 771 698 844 potentiae
708 769 864 828 nobilitatis
874 787 962 845 supra

147 848 286 912 diximus,
298 848 370 904 inter
380 845 581 902 dubitationem
593 854 620 902 et
629 863 720 902 moras
730 845 826 903 Senati
833 887 840 912 ,
848 847 963 902 concio-

147 924 232 980 nibus
241 923 377 998 populum
388 921 423 978 ad
433 921 634 978 vindicandum
645 921 762 978 hortari:
780 939 908 988 mouere,
925 941 962 980 ne

146 999 364 1073 rempublicam,
380 1015 415 1054 ne
426 995 581 1054 libertatem
591 1015 670 1054 suam
680 996 852 1054 desererent:
872 998 963 1056 multa
1022 1031 1023 1040 ι

145 1075 267 1148 superba
286 1083 314 1131 et
332 1073 456 1130 crudelia
475 1073 596 1130 facinora
620 1072 778 1130 nobilitatis¹
796 1073 959 1144 ostendere3

145 1167 260 1223 prorsus
273 1151 396 1206 intentus
407 1151 483 1206 omni
494 1149 575 1208 modo
584 1148 677 1222 plebis
688 1151 813 1206 animum
823 1149 963 1206 accende-

145 1225 204 1282 bat.
244 1224 300 1281 Sed
313 1226 446 1297 quoniam
455 1243 487 1282 ea
497 1233 659 1298 tempestate
670 1225 771 1281 Romae
781 1225 906 1283 Memmii
918 1225 962 1282 la-

147 1300 249 1357 cundia
273 1301 346 1356 clara
369 1300 535 1373 pollensque
560 1300 626 1366 luit,
658 1299 758 1358 decere
776 1302 959 1367 existumavi,

110 1431 115 1440 ,
146 1394 231 1432 unam
247 1384 352 1432 extum
367 1375 465 1432 multis
478 1377 630 1433 orationem
644 1376 706 1432 eius
716 1377 904 1450 perscribere:
927 1395 962 1433 ac

146 1453 332 1528 potissumum
342 1467 374 1508 ea
385 1451 487 1518 dicam,
498 1451 610 1525 quaein
621 1453 754 1510 concione
763 1461 826 1525 post
835 1451 960 1510 reditum

146 1528 254 1585 bestiae
264 1527 459 1584 huiuscemodi
470 1528 564 1584 verbis
575 1526 708 1584 disseruit
715 1525 724 1584 ι’

201 1605 306 1660 XXXI.
322 1645 341 1670 „
349 1604 434 1661 Multa
445 1621 491 1660 me
501 1603 680 1662 dehortantur
691 1621 706 1660 a
716 1603 811 1668 vobis,
823 1601 959 1671 Quirites,

147 1680 177 1736 ni
187 1680 312 1738 studium
321 1680 495 1754 reipublicae
503 1682 597 1738 omnia
605 1688 730 1753 superet:
742 1695 810 1752 opes
816 1678 957 1747 factionis,

146 1766 238 1813 vestra
248 1757 392 1830 patientia,
404 1758 450 1812 ius
462 1757 582 1826 nullum;
596 1773 627 1812 ac
638 1773 777 1822 maxume,
790 1754 867 1827 quod
877 1756 960 1812 iuno-

146 1833 471 1906 centiaepluspericuli,
493 1830 714 1904 quambonoris,
737 1839 788 1887 est.
827 1831 898 1888 Nam
909 1832 960 1888 illa
1020 1861 1021 1868 ι

145 1905 261 1977 quidem
281 1907 358 1981 piget
377 1905 484 1972 dicere,
508 1907 553 1962 bis
566 1906 646 1961 aunis
661 1906 717 1961 XX
731 1923 816 1978 quam
835 1907 961 1964 ludibrio

145 1979 255 2037 fueritis
270 1982 419 2056 superbiae
433 1997 598 2055 paucorum
621 1995 706 2052 quam
722 1981 802 2038 loeda
816 1999 960 2056 quamque
1020 2035 1021 2040 ,

144 2056 229 2113 inulti
239 2058 373 2130 perierint
383 2058 470 2113 vostri
480 2055 653 2125 delensoaes3
667 2065 697 2113 ut
707 2057 788 2114 vobis
799 2059 912 2114 animus
924 2059 958 2115 ab

145 2132 260 2204 ignavia
275 2143 358 2206 atque
371 2132 496 2189 socordia
515 2140 661 2203 corruptus
680 2133 731 2190 sit:
757 2135 807 2206 qui
827 2151 863 2190 ne
884 2151 960 2190 nunc

144 2205 276 2278 quidem,
297 2209 427 2266 obnoxiis
437 2208 574 2273 inimicis,
596 2208 763 2284 exsurgitis,
778 2217 861 2282 atque
872 2211 957 2266 stiam
1019 2231 1020 2262 ι

144 2297 220 2338 nuuc
230 2283 334 2340 timetis
344 2300 405 2350 eos,
425 2282 529 2358 quibus
539 2300 589 2340 vos
599 2283 680 2342 decet
689 2286 786 2342 terrori
796 2303 868 2342 esse.
900 2285 957 2344 Sed

144 2373 316 2430 quamquam
327 2359 396 2416 haec
405 2359 471 2416 talia
482 2367 560 2424 sunt,
582 2367 674 2416 tamen
684 2360 797 2416 obviam
807 2361 848 2418 ire
859 2360 960 2419 lactio-

144 2432 190 2489 nia
198 2435 338 2506 potentiae
349 2437 459 2492 animus
472 2433 590 2510 subigit.
630 2435 708 2492 Certe
723 2451 775 2509 ego
789 2436 956 2505 libertatem,

145 2525 217 2582 quae
227 2509 298 2565 mibi
308 2527 324 2566 a
334 2519 448 2583 parente
459 2527 519 2566 meo
530 2511 630 2569 tradita
636 2517 685 2575 est,
694 2512 834 2583 experiar:
847 2529 956 2581 verum,

145 2584 175 2641 id
187 2585 287 2642 frustra
297 2601 332 2640 an
342 2586 378 2640 ob
389 2603 447 2641 rem
458 2585 568 2651 inciam,
580 2589 795 2644 invastramanu
806 2587 893 2646 situm
904 2599 955 2656 eet,

146 2661 278 2729 Quirites.
307 2660 404 2732 Neque
415 2677 466 2734 ego
476 2677 526 2716 vos
537 2660 642 2724 hortor,
659 2660 735 2730 quod
743 2679 826 2736 saepe
837 2667 957 2722 maiores
1017 2723 1018 2734 ,

147 2739 234 2795 vostri
244 2735 346 2804 iecere,
367 2735 409 2790 uti
419 2743 511 2791 eontra
523 2735 640 2790 iniuriae
650 2737 747 2790 armati
758 2739 837 2794 eatis.
877 2741 955 2798 Nibil
