2058 3032
803 165 850 210 vll

33 313 149 371 Fausta,
170 307 257 358 Sullae
266 308 331 370 lilia,
349 308 521 372 deprehensus
535 321 640 370 remque
652 308 679 355 in
688 315 777 358 senatu
791 323 850 358 con·

33 397 124 444 fessus
143 406 211 441 anuo
229 391 261 441 U.
283 395 341 442 ⁷04.
357 392 389 442 ab
402 393 488 456 Appio
503 389 611 441 Claudio
628 407 747 460 censore,
775 395 818 456 qui
836 410 852 442 a

34 477 158 542 Pompeii
167 477 488 540 stabatpartibus,seuatn
497 483 648 527 moveretur.
684 477 850 528 Itafelicioris

34 567 105 613 vitae
120 575 167 625 spe
182 562 301 625 adempta
316 570 404 610 conua
417 562 541 610 Milonem
555 563 659 624 eiusque
668 571 803 626 patronum
812 565 849 613 M.

35 651 155 700 Tullium
165 662 240 712 agere
252 647 348 710 coepit,
366 661 396 695 ec
409 646 478 696 brevi
490 656 550 711 post
558 649 589 696 ad
600 646 719 698 Caesaris
728 657 812 711 partes
823 662 850 698 se

35 737 171 800 applicare
190 733 328 782 coustituit.
363 733 405 782 Ab
420 733 470 780 boc
485 733 512 781 in
528 740 644 782 senatum
660 734 804 793 restitutus,
825 737 851 782 et

35 825 133 871 iterum
147 818 301 881 quaestoris,
321 832 383 866 mox
395 819 472 866 etiam
485 818 609 881 praetoris
626 832 730 868 munere
746 831 849 867 ornatus

37 915 86 954 est.
98 905 173 953 Idem
178 917 238 952 vero
243 903 373 965 copiarum
382 903 446 964 parti
457 903 600 967 praefectus
609 917 650 952 res
660 903 686 950 in
693 903 794 967 Illyrico
804 905 850 951 im-

35 1001 163 1055 prospere
176 989 256 1053 gessit
267 1001 315 1037 nec
328 987 425 1036 maiore
439 987 559 1036 felicitate
575 1002 635 1036 usur
649 995 688 1036 est
695 987 723 1035 in
733 988 850 1038 sedandis

36 1075 134 1126 animis
152 1073 261 1122 militum
279 1074 305 1122 in
324 1070 466 1136 Campania
484 1072 669 1122 rebellantium.
711 1073 805 1122 Postea
822 1085 848 1122 ut

36 1167 213 1211 commeatum
227 1159 400 1221 interciperet,
420 1158 453 1206 ad
466 1154 602 1206 Cercinam
615 1158 726 1206 insulam
739 1173 849 1208 versusa
889 1211 891 1216 ,

37 1247 154 1298 Caesare
163 1244 256 1292 missus
265 1252 311 1304 est,
323 1241 447 1291 referente
457 1251 560 1292 auctore
569 1242 636 1291 Belli
646 1242 760 1291 Africani
770 1248 795 1292 8.
809 1249 848 1291 14.

37 1341 81 1383 ³⁴.
94 1336 137 1380 97.
155 1329 238 1378 victis
248 1343 264 1376 a
274 1324 385 1376 Caesare
396 1325 523 1390 Scipionis
534 1337 559 1376 ct
567 1326 653 1376 Jubae
662 1328 756 1390 copiis,
768 1326 848 1376 Sallu·

38 1421 105 1468 stius
113 1414 249 1466 Numidiae
258 1412 395 1475 proconsul
404 1413 542 1472 institutus,
552 1412 708 1475 provinciam
719 1412 846 1476 (Declam.

39 1505 79 1566 7.)
89 1505 123 1552 itu
136 1498 253 1557 vastavit,
263 1506 292 1544 ut
300 1497 496 1558 repetundarum
505 1511 563 1545 reus
572 1497 674 1544 nonnisi
683 1511 777 1560 magno
788 1512 849 1559 qno·

38 1592 101 1637 dam
112 1585 195 1650 pretio
209 1599 242 1632 ex
253 1589 344 1646 pacto,
363 1591 391 1629 ut
403 1590 500 1638 terunt,
521 1596 537 1628 a
551 1578 662 1629 Caesare
679 1581 850 1630 absolveretur

40 1674 114 1738 (Dio.
125 1668 223 1727 XLIII,
235 1667 283 1730 9.).
318 1666 408 1714 Tantis
418 1672 503 1713 autem
517 1664 607 1727 opibus
622 1674 760 1728 utcumque
771 1668 849 1730 partis

39 1751 343 1823 pretiosissimosRomae
352 1751 440 1798 hortos
449 1749 595 1811 illosipsius
609 1750 711 1798 nomine
720 1748 851 1798 Sallustia·

39 1859 87 1895 nos
97 1843 181 1892 dictos
189 1840 217 1888 in
227 1838 292 1887 colle
302 1835 429 1896 Quirinali
442 1834 502 1882 artis
512 1834 630 1896 operibus
647 1835 711 1882 adeo
725 1835 790 1882 belle
799 1849 851 1882 ma·

38 1929 183 1991 grrificeque
192 1921 324 1980 instruxit,
343 1929 372 1969 ut
382 1921 409 1969 iu
418 1919 459 1968 his
468 1925 558 1982 postea
566 1919 647 1979 Nero,
667 1918 848 1980 Vespasianus,
917 1943 920 1948 ν

39 2013 137 2068 Nerva,
155 2007 299 2056 Hadrianus
308 2004 458 2053 habitarent.
494 2003 573 2051 Porro
584 2001 701 2052 Caesaris
712 2003 797 2052 viltam
807 2003 849 2052 Ti-

39 2095 169 2145 burtInam
177 2104 270 2153 magno
280 2091 362 2153 pretio
371 2090 490 2148 redemit,
510 2097 585 2150 atquc
599 2089 702 2136 domurn
711 2103 783 2137 suam
793 2103 849 2152 por·

40 2193 79 2231 tas
90 2178 218 2228 Salariam
229 2176 295 2223 inter
304 2183 329 2222 et
336 2172 523 2223 Nomentanam
533 2172 734 2236 splendidissime
744 2175 851 2223 adorna·
874 2185 876 2189 ·

41 2269 89 2326 rit;
100 2278 167 2328 quae
177 2262 209 2310 ad
218 2257 332 2308 Alarichi
341 2272 422 2321 usqne
432 2265 547 2321 tempora
556 2255 664 2320 (cmx.
674 2274 700 2322 p.
712 2256 774 2319 ch.)
781 2275 850 2308 men·

44 2354 74 2401 tit
81 2352 191 2412 integra,
201 2355 257 2394 tum
266 2358 325 2393 vero
335 2343 452 2392 incendio
463 2343 546 2391 deleta
555 2352 601 2390 est.
622 2340 757 2393 Sallustius
767 2353 851 2393 antem

44 2451 109 2485 anno
118 2433 152 2483 U.
162 2428 283 2480 mcclx.
295 2428 509 2492 quadragenarius
518 2426 571 2475 iere
580 2426 739 2488 Terentiam,
756 2431 797 2477 cui
808 2427 850 2477 Ci-

44 2537 100 2572 cero
111 2517 242 2582 superiore
252 2529 318 2564 anno
327 2513 460 2576 repudium
471 2512 614 2573 remiserat,
632 2515 705 2562 annis
715 2513 790 2576 plane
800 2503 850 2561 dis·

44 2621 130 2670 parem
145 2606 173 2654 in
186 2599 374 2651 matrimonium
390 2598 470 2646 duxit.
507 2594 547 2644 cf.
565 2597 711 2660 Hieronym.
728 2599 785 2646 adv.
803 2597 849 2646 Jo-

45 2695 92 2744 vin.
106 2699 130 2753 l,
144 2695 186 2739 ts.
216 2685 351 2737 Sallustius
362 2683 430 2731 enim
439 2697 534 2732 nonum
544 2683 636 2744 egebat
646 2684 735 2731 aetatis
745 2697 848 2741 annum,
