2058 3032
266 209 461 257 catulum.
483 211 554 258 cap
583 211 617 256 ao.
631 215 664 256 21.
841 205 871 259 tt

52 309 451 382 divitiaariocerenequeunt.
491 311 869 386 Atnobisestdomiinopia,

52 385 124 442 foris
134 402 181 440 aes
192 385 328 454 alienum3
342 387 413 442 mala
424 403 482 453 res,
494 405 558 460 spes
570 388 657 442 multo
667 390 802 460 asperior;
821 388 871 446 de-

52 462 157 533 nique,
179 459 249 532 quid
263 461 366 534 reliqui
380 463 529 528 habemus,
550 472 659 536 praeter
669 465 800 520 miseram
810 467 871 522 aoi-

51 535 229 603 maleuin
240 538 327 610 igitur
337 538 584 613 expergiscimini?
592 540 634 594 En
644 540 704 606 illa,
715 537 775 606 illa,
787 557 870 613 quam

51 629 140 685 saepe
155 615 286 684 optastis,
312 613 441 680 libertas,
461 623 602 688 praeterea
616 615 746 682 divitiae,
773 615 869 683 dacus,

50 689 145 763 gloria
159 689 189 743 in
203 687 292 744 oculis
307 690 360 745 sita
375 691 454 746 suntl
480 690 588 747 lortuua
604 691 695 747 omnia
711 707 742 747 ea
756 693 872 749 victori-

51 769 108 822 bus
119 765 245 838 praemia
253 765 357 836 posuit.
378 767 445 832 iles,
460 775 584 840 tempus,
599 767 739 839 pericula,
751 778 869 843 egestas,

51 843 124 898 belli
143 839 232 912 spolia
252 840 413 914 magnifica,
438 844 528 916 magis
545 859 630 915 quam
644 845 731 899 oratio
745 858 806 900 mea
821 861 871 900 vos

51 921 210 974 hortentur.
249 916 299 973 Vel
317 917 495 989 imperatore,
520 919 565 974 val
580 919 670 974 milite
684 935 728 975 me
742 921 869 977 utimini:

50 1007 149 1066 neque
162 993 286 1058 animus,
308 1007 399 1065 neque
413 1005 513 1067 corpus
532 993 643 1051 avobis
661 993 759 1051 aberit.
799 997 872 1051 llaec

50 1074 126 1144 ipsa,
138 1076 170 1123 ut
179 1081 273 1140 spero,
288 1069 434 1125 vobiscum
445 1083 500 1126 una
511 1069 613 1127 Consul
625 1085 718 1145 agam:
735 1072 791 1127 nisi
802 1071 872 1128 forte

51 1163 99 1202 me
109 1145 221 1201 animus
232 1143 313 1210 fallit,
330 1153 357 1201 et
367 1163 416 1202 vos
426 1147 532 1202 servire
543 1148 642 1221 magis,
658 1163 741 1220 quam
750 1148 872 1222 impera·

51 1241 92 1286 re,
108 1221 200 1294 parati
210 1221 310 1276 assisa·

110 1299 189 1354 xxi.
221 1297 369 1369 Postquam
392 1309 523 1370 accepere
542 1313 574 1353 ea
594 1297 735 1364 homines,
766 1300 871 1372 quibus

50 1375 128 1431 mala
137 1372 249 1428 abunde
258 1373 352 1429 omnia
362 1381 453 1439 eraut,
474 1373 525 1429 sed
539 1387 630 1446 neque
645 1385 690 1430 ree
704 1385 795 1448 neque
805 1391 870 1450 spes

51 1453 125 1507 bona
136 1449 209 1518 ulla3
229 1450 339 1505 tametsi
351 1449 410 1505 illis
424 1450 518 1521 quieta
532 1464 643 1507 movere
653 1463 754 1526 magna
764 1467 870 1508 merces

49 1525 217 1590 videbatur,
232 1533 324 1580 tamen
333 1525 474 1598 postulare
484 1526 626 1599 plerique,
641 1528 683 1582 uti
693 1537 868 1600 proponeret,

48 1621 125 1676 quac
138 1601 262 1658 conditio
275 1601 344 1657 belli
360 1600 443 1666 leret,
463 1615 535 1672 quae
551 1603 675 1672 praemia
689 1607 773 1659 armis
793 1613 870 1676 pete·

49 1687 127 1745 rent,
153 1677 223 1750 quid
235 1677 342 1750 ubique
352 1678 414 1748 opis
425 1684 472 1731 aut
481 1678 542 1748 spei
553 1677 696 1733 haberant.
737 1681 808 1735 Tum
818 1680 870 1737 Ca-

49 1757 134 1814 tilina
148 1753 275 1826 polliceri
290 1753 401 1809 tabulas
416 1767 518 1818 novos,
543 1753 774 1826 proscriptionem
792 1755 870 1811 locu-

48 1833 180 1906 pletium,
193 1830 380 1906 magistratus,
392 1827 556 1894 sacerdotia,
567 1829 689 1903 rapinas,
701 1830 755 1885 alia
765 1832 867 1898 emilia,

47 1925 124 1982 quae
139 1907 245 1962 bellum
261 1914 343 1978 atque
357 1903 455 1962 lubido
465 1905 601 1962 victorum
613 1901 676 1962 fert.
716 1907 867 1974 Praeterea,

48 2002 113 2040 esse
134 1984 165 2038 in
184 1983 316 2056 Hispania
339 1981 468 2036 citeriore
484 1981 627 2047 Pisonem,
657 1982 687 2037 iu
705 1983 868 2040 Mauritania

50 2077 116 2118 cum
128 2059 293 2116 exercitu'P.
309 2057 422 2114 Sittium
433 2058 615 2124 Nucerinum,
627 2058 738 2114 consilii
749 2061 794 2114 sui
804 2077 869 2133 par-

49 2137 167 2209 ticipes:
187 2143 282 2208 petere
295 2133 471 2189 consulatum
486 2132 518 2190 G.
528 2132 693 2198 Antonium,
715 2149 799 2207 quem
812 2137 868 2192 sibi

49 2213 188 2285 collegam
204 2207 261 2266 lore
274 2217 411 2282 speraret,
433 2207 577 2266 hominem
596 2218 624 2265 et
640 2208 820 2278 familiarem,
842 2222 869 2269 et

50 2287 184 2346 omnibus
194 2284 452 2342 necessitudinibus
462 2287 698 2342 circumventum:
720 2302 869 2345 cumeose

51 2364 202 2422 Consulem
214 2363 328 2418 initium
343 2359 445 2434 agendi
460 2360 609 2418 iacturum.
648 2360 691 2418 Ad
710 2362 764 2420 hoc
781 2365 869 2421 mala-

52 2442 135 2498 dictis
145 2441 271 2512 increpat
283 2438 374 2494 omnis
388 2436 489 2494 bonos:
511 2453 625 2494 suorum
639 2455 868 2514 unumquemque

50 2518 199 2574 nominans
210 2515 336 2582 laudare3
352 2513 519 2570 admouebat
529 2513 616 2569 alium
626 2517 769 2588 egestatis,
781 2518 868 2573 alium

50 2593 215 2668 cupiditatis
226 2607 306 2655 suae,
327 2588 487 2663 complures
499 2591 618 2662 periculi
629 2599 676 2647 aut
685 2593 866 2667 ignominiae,

51 2671 153 2725 multoe
164 2668 296 2722 victoriae
307 2667 452 2731 Sullanae,
473 2665 578 2738 quihus
592 2684 624 2723 ea
634 2668 753 2740 praedae
767 2668 866 2724 iuerat.

50 2748 200 2820 Postquam
214 2743 338 2806 omnium
354 2743 461 2806 opimos
476 2742 575 2798 alacris
588 2743 678 2813 videt;
700 2744 866 2810 cohortatus,
