2070 3036
205 187 483 235 mouumentum
502 185 756 238 FRAGMENTA.
838 186 886 240 4Ιῦ

74 287 276 345 dominationis
289 287 319 344 in
329 305 379 345 vce
389 289 536 344 servitium
546 306 629 344 euum
640 289 796 348 mercedem
807 291 883 359 dant,

74 374 103 421 et
113 373 265 435 utrumque
274 381 324 436 per
335 364 466 420 iniuriam
478 366 594 429 malunt,
606 383 690 438 quam
700 377 814 439 optumo
825 370 885 426 iura

75 440 160 496 liberi
172 456 267 513 agere:
288 440 429 512 praeclara
444 442 590 498 Brutorum
606 452 689 514 atque
701 441 884 506 Aemiliorum

73 526 102 572 et
113 516 287 572 Lutatiorum
296 516 403 588 proles,
415 518 502 590 geniti
512 517 546 574 ad
558 534 603 582 ea,
616 534 688 590 quoe
699 520 817 576 maiores
827 521 884 576 uir-

74 600 134 648 tute
151 607 298 665 peperere,
321 592 523 648 subvertunda.
563 594 632 649 Nam
652 593 752 666 quida
769 596 881 670 Pyrrho,

73 667 231 724 Hannibale
253 667 440 740 Philippoque
465 678 491 724 et
519 669 656 726 Antiocho
676 670 822 728 dolentum
843 681 884 727 est

72 741 169 808 aliud,
189 759 275 815 quam
290 743 403 800 libertas
414 753 441 801 et
452 761 518 800 suaa
528 746 631 818 cuique
641 745 736 814 sedes,
760 764 814 802 neu
825 747 882 811 cui,

72 821 131 876 nisi
143 819 266 894 legibus,
279 819 537 894 pareremuslquae
547 831 645 878 cuncta
655 839 756 883 saeuus
767 822 819 878 iste
831 823 883 878 Eo

72 896 185 961 mulus,
202 895 284 968 quasi
294 894 330 951 ab
340 898 462 953 externis
473 907 564 970 rapta,
581 906 669 965 tenet,
690 915 744 954 non
755 906 883 954 interser—

71 972 183 1027 cituum
194 969 283 1036 clade,
295 988 386 1044 neque
396 974 541 1029 consulum
551 975 701 1030 etaliorum
710 973 881 1048 principun,

71 1064 146 1120 quos
158 1045 266 1103 lcrtrma
277 1047 345 1104 belli
362 1059 584 1121 consumpserat,
606 1050 736 1119 satiatum
758 1048 807 1105 sed
823 1059 881 1106 tum

71 1122 229 1189 crudelior,
250 1139 335 1194 quam
349 1124 498 1197 plerosque
512 1124 652 1181 secundae
668 1141 713 1181 res
726 1125 755 1181 in
767 1126 883 1183 misere-

72 1199 180 1256 tionam
194 1216 230 1253 ex
245 1199 286 1254 ira
302 1208 424 1256 vertunt.
463 1199 537 1266 Quin
556 1202 633 1258 solue
650 1201 790 1265 omnium,
820 1212 883 1274 post

72 1275 237 1330 memoriam
249 1273 408 1341 hominum,
424 1275 564 1348 supplicia
575 1278 603 1334 in
615 1286 677 1350 post
688 1275 795 1334 futuros
806 1293 882 1334 com-

72 1351 182 1423 posuit,
204 1351 359 1422 quisprius
374 1350 490 1416 iniuria,
512 1368 595 1424 quam
612 1355 682 1417 vita,
704 1362 777 1409 certa
793 1361 878 1408 esset:

72 1426 307 1498 pravissumeque
321 1443 371 1499 per
386 1427 500 1483 sceleris
514 1429 715 1485 immanitatem
730 1427 822 1484 adhuc
836 1437 877 1484 tu·

71 1500 197 1566 meluit,
220 1499 362 1567 dumvos,
383 1512 459 1559 metu
473 1505 611 1577 gravioris
623 1504 747 1565 servilii,
770 1519 882 1576 erepe-

72 1576 161 1633 tunda
173 1575 300 1634 libertate
313 1578 467 1635 terremini.
506 1579 654 1652 Agendum
669 1588 751 1651 atque
768 1578 881 1636 obviam

72 1652 268 1718 condumam,
289 1652 427 1720 Quirites,
448 1671 483 1710 ne
498 1655 587 1726 spolia
603 1662 694 1710 vostra
709 1671 796 1726 panas
816 1654 881 1710 illas

71 1731 144 1784 sint:
167 1745 223 1784 uon
236 1729 431 1800 prolatandum
445 1747 536 1802 neque
547 1731 619 1787 votis
629 1727 753 1803 paranda
762 1729 879 1788 auxilia.

72 1804 134 1860 Nisi
146 1801 216 1860 forte
226 1806 359 1876 speratis,
381 1804 505 1862 taedium
515 1807 572 1861 iam
582 1814 629 1862 aut
640 1804 775 1879 pudorem
786 1815 881 1880 tyran-

72 1879 149 1936 nidis
161 1878 257 1936 Sullae
265 1897 338 1946 esse‚
353 1891 455 1938 etcum
465 1899 515 1954 per
524 1882 615 1938 scelus
625 1889 758 1955 occupata
769 1882 881 1956 parion-

72 1953 369 2012 losiuedimiasurum.
409 1955 446 2013 At
458 1958 507 2014 ille
522 1975 555 2014 eo
572 1957 721 2032 processit,
746 1957 788 2019 uti
808 1957 879 2014 nihil
939 1977 941 1984 ’
1031 1985 1032 1996 ¹

72 2031 240 2105 gloriosum,
258 2031 314 2088 nisi
325 2041 429 2099 tutum,
442 2043 469 2089 et
479 2034 572 2090 omnia
583 2032 743 2090 retinendae
753 2030 881 2090 damian-

72 2109 157 2164 tionis
168 2105 283 2164 honesta
294 2117 439 2165 aestumat.
480 2111 575 2182 ltaque
584 2110 648 2174 illa,
663 2109 745 2181 quiae
755 2116 783 2164 et
791 2109 880 2166 otium

73 2200 137 2239 cum
149 2181 290 2249 libertate,
311 2200 383 2256 quae
394 2183 475 2241 multi
485 2185 567 2258 probi
578 2186 686 2258 potina,
707 2200 793 2255 quam
803 2183 881 2245 labo-

73 2277 130 2316 rem
142 2259 384 2324 cumhonoribue,
405 2262 601 2333 capessebant,
621 2259 784 2316 nullaeunt.
825 2260 881 2317 Hac

73 2342 236 2408 tempestate
242 2335 426 2391 serviundum
437 2346 484 2392 aut
494 2335 724 2408 imperitandum:
732 2334 880 2394 habendus

73 2420 162 2470 metus
173 2419 215 2466 est
225 2421 272 2468 aut
282 2410 447 2478 faciundas,
463 2411 598 2480 Quirites.
631 2412 701 2468 Nem
710 2411 780 2483 quid
790 2411 881 2469 ultre?

73 2503 180 2559 quaeve
189 2485 312 2543 humana
320 2496 462 2560 superant,
474 2497 522 2544 aut
531 2487 630 2545 diviua
640 2486 786 2561 impolluta
797 2486 881 2544 sunt?

73 2562 197 2635 Populus
209 2563 363 2628 Romanus,
385 2564 480 2636 paullo
495 2573 558 2622 enta
571 2565 699 2638 mutium
712 2564 877 2631 modiratur,

73 2647 173 2696 exutus
183 2639 316 2712 imperio,
337 2639 440 2714 gloria,
457 2641 532 2706 iure,
549 2639 674 2716 agitandi
684 2639 766 2712 inope
777 2644 879 2713 despe-

73 2723 202 2844 ctusgue,
225 2715 866 2848 neserviliaquidemalimentarepziqualiebal

152 2807 274 2847 assues.
