2058 3032
222 215 511 263 rucrtnrnrrtuu.
532 218 611 265 car.
631 218 739 268 as-ar.
852 215 882 270 lt

67 319 146 374 iram
157 315 266 383 Senati,
288 319 318 372 ui
332 317 471 390 paruisset
487 319 599 391 legatis:
618 336 699 390 porro
713 322 822 378 animus
836 337 886 376 cu·

2 420 3 424 ,
66 393 174 468 pidine
184 410 282 448 caecus
292 393 327 448 ad
336 391 480 464 inceptum
495 393 587 449 scelus
603 394 771 465 rapiebatur.
812 396 886 452 Vicit

2 471 3 512 l
66 479 168 525 tamen
183 469 214 523 in
229 467 311 525 avido
325 469 438 542 ingenio
455 485 573 540 pravum
588 468 746 524 consilium.
784 472 882 544 Igitur,

2 539 3 550 ¹
67 546 201 601 exercitu
212 542 391 608 circumdato,
403 561 511 600 summa
522 545 551 600 vi
563 543 664 600 Cirtam
675 545 830 617 irrumpere
841 547 886 601 ni-

2 629 3 634 ’
68 623 157 681 titur,
175 634 443 692 maxumesperans,
460 619 573 675 diducta
585 637 669 674 manu
681 619 817 686 bostium,
839 629 886 677 aut

68 696 103 751 vi
115 701 164 750 aut
175 693 247 749 dolis
258 711 318 748 sese
329 710 423 750 casum
434 695 568 751 victoriae
577 696 766 750 inventurum.
805 695 885 763 Quod

67 771 126 826 ubi
137 785 219 824 secus
227 769 365 842 procedit,
383 786 486 841 neque,
503 771 579 843 quod
589 771 757 836 intenderat,
775 769 884 826 efficere

67 852 175 918 potest,
191 845 232 900 uti
242 846 330 918 prius,
345 861 428 917 quam
441 845 545 920 legatos
555 847 723 911 conveniret,
741 846 886 902 Adherba-

69 922 112 978 lis
126 921 275 994 potiretur,
298 937 333 975 ne
348 921 469 993 amplius
484 921 615 977 morando
630 921 778 988 Scaurum,
800 939 884 994 quem

68 997 230 1070 plurimum
240 996 394 1062 metuebat,
410 997 584 1062 incenderet,
600 1014 663 1052 cum
674 998 771 1070 paucis
782 999 886 1070 equiti·

68 1075 130 1128 bus
144 1073 175 1127 in
189 1072 363 1144 provinciam
377 1073 464 1128 venit.
503 1072 542 1128 Ac
557 1075 665 1128 tametsi
681 1072 775 1129 Senati
790 1075 885 1130 verbis

69 1165 176 1224 graves
194 1148 287 1203 minae
299 1147 517 1214 nunciabantur,
539 1148 615 1220 quod
630 1148 665 1204 ab
678 1152 886 1224 oppugnatione

71 1241 131 1282 nun
154 1223 312 1293 desisterat3
346 1224 434 1278 multa
456 1231 548 1279 tamen
568 1224 690 1281 oratione
710 1236 883 1300 consumpta,

71 1300 179 1356 frustra
190 1300 274 1374 legati
285 1299 449 1355 discessere.

132 1376 235 1432 XXVI.
255 1375 293 1432 Ea
308 1383 455 1448 postquam
471 1374 560 1432 Cirtae
576 1374 669 1431 audita
685 1385 763 1443 sunt,
785 1377 883 1444 Italici,

72 1469 197 1524 quorum
210 1451 312 1507 virtute
326 1452 434 1506 moenia
452 1450 680 1517 defensabantur,
699 1451 814 1518 'confisi
835 1453 885 1508 de-

72 1528 184 1584 ditione
195 1525 278 1591 lacta,
299 1536 412 1600 propter
426 1525 647 1600 magnitudinem
662 1527 759 1600 populi
771 1529 885 1584 Romani

73 1603 226 1660 inviolatos
235 1620 297 1658 sese
308 1602 379 1667 lore,
397 1601 549 1658 Adherbali
560 1602 691 1667 suadent,
707 1604 748 1658 uti
761 1621 848 1675 seque
859 1613 886 1658 et

73 1677 213 1752 oppidum
227 1678 376 1752 iugurthae
391 1678 492 1745 tradat3
515 1686 623 1733 tantum
638 1677 673 1733 ab
690 1695 722 1734 eo
736 1679 821 1734 vitam
836 1696 887 1752 pa·

74 1757 212 1822 oiscatur3
235 1754 269 1809 de
280 1754 379 1809 ceteris
390 1753 504 1810 Senatui
516 1771 597 1810 curae
608 1753 676 1810 fore.
716 1753 750 1810 At
760 1754 823 1820 ille,
845 1763 887 1811 ta-

72 1831 160 1887 metsi
173 1831 265 1886 omnia
279 1831 385 1902 potiora
401 1829 455 1886 lide
470 1829 618 1904 iugurthae
633 1829 758 1895 rebatur,
782 1838 884 1898 tamen,

74 1907 146 1979 quia
160 1922 245 1978 penes
260 1904 386 1970 eosdem,
408 1907 433 1961 si
449 1905 654 1971 adversaretur,
674 1904 791 1994 cogendi
809 1916 891 1979 pote-¹

74 1991 135 2038 stas
147 1989 217 2047 erat,
230 1983 282 2047 ita,
294 1981 335 2036 uti
346 1991 511 2038 censuerant
520 1982 607 2038 italici
617 1981 799 2048 ,deditronem
810 1983 885 2038 lacit.

75 2057 255 2132 Iugurthain
271 2056 371 2130 primis
384 2057 570 2114 Adherbalem
590 2058 779 2113 excruciatum
797 2066 885 2123 necat,

75 2132 182 2190 deinde
201 2134 301 2188 omnis¹
312 2132 433 2204 puberes
447 2133 582 2189 Numidas
602 2143 683 2206 atque
705 2134 887 2207 negotiatores

75 2210 251 2284 promiscue,
263 2209 305 2265 uti
315 2209 436 2281 quisque
447 2218 566 2264 armatus
576 2208 677 2264 obvius
688 2207 790 2275 fuerat,
802 2210 888 2266 inter-

77 2286 157 2343 lecit.

135 2360 248 2416 XXVII.
269 2357 349 2426 Quod
363 2367 509 2431 postquam
520 2359 622 2413 Romae
632 2359 774 2432 cognitum
786 2367 840 2425 est,
863 2367 889 2414 et

79 2453 125 2492 res
134 2435 164 2491 in
175 2435 278 2492 Senatu
287 2435 386 2508 agitari
396 2443 505 2506 coepta,
528 2433 615 2489 iidem
630 2433 672 2489 illi
683 2434 803 2490 ministri
815 2436 889 2509 regis

78 2511 299 2584 interpellando,
317 2527 349 2566 ac
358 2527 441 2581 saepe
452 2510 553 2584 gratia,
573 2508 712 2564 interdum
723 2509 823 2584 iurgiis
834 2519 890 2568 tra-

80 2586 174 2642 hendo
183 2595 308 2659 tempus,
324 2587 493 2642 atrocitatem
503 2584 568 2640 lacti
579 2583 729 2640 leniebant.
769 2589 807 2640 Ac
817 2587 846 2640 ni
858 2584 888 2640 C.

81 2665 240 2725 Memmius,
255 2661 485 2734 tribunusplebis
496 2659 667 2733 designatus,
682 2663 727 2716 vir
737 2677 799 2715 acer
809 2668 836 2716 et
846 2661 891 2714 in-

83 2739 170 2794 festus
180 2737 319 2811 potentiae
329 2735 496 2801 nobilitatis,
515 2734 649 2808 populum
660 2738 814 2791 Romanum
825 2734 858 2790 ed
