2070 3036
533 139 545 166 d

247 209 535 257 wouttuffluttta.
556 209 634 257 CAP.
654 210 760 258 tt-tt.
859 209 906 264 l23

99 313 232 378 miserat,
249 313 322 369 velle
331 313 428 387 populi
438 313 552 368 Ilomaui
563 312 726 382 amicitiam
744 330 779 370 ue
790 315 859 388 quid
870 316 905 383 ab

98 409 132 448 se
144 391 245 447 hostile
257 392 376 447 timeret.
415 388 446 444 ld
460 389 684 455 simulaverim,
705 406 760 462 quo
770 392 906 464 improvi-

100 485 152 524 sus
167 469 277 542 gravior
292 466 442 530 accideret,
467 483 502 521 an
520 467 673 522 mobilitate
687 467 793 541 ingenii
808 478 905 541 pacem

101 553 186 618 atque
198 543 301 598 bellum
312 551 418 597 mutare
428 542 541 608 solitus,
559 559 658 615 parum
669 543 840 615 exploratum
852 555 903 601 eat.
937 608 942 618 1

159 621 313 675 LXXXIX.
333 617 389 674 Sed
399 618 516 684 Consul,
532 620 574 675 uti
584 628 728 684 statuerat,
744 621 847 692 oppida
858 639 905 680 oa·

98 696 239 769 stellaque
258 696 363 750 munita
385 694 475 750 adire:
501 696 601 767 partim
622 696 665 760 vi,
687 695 742 750 alia
762 706 838 752 metu
858 706 905 754 aut

97 773 225 848 praemia
239 770 401 831 ostentando
415 771 583 826 avertere'ab
595 771 732 827 hostibus.
761 773 801 828 Ao
815 773 904 844 primo

98 849 253 906 mediocria
268 847 394 922 gerebat,
416 847 601 912 existumans,
622 847 904 921 lugurthomobsuos

99 925 231 982 tutandos
241 925 270 979 in
281 941 380 979 manus
391 932 550 978 venturum.
589 922 645 980 Sed
656 923 705 979 ubi
717 924 796 979 illum
807 927 903 998 procul

99 1002 200 1058 abesse
215 1009 242 1056 et
255 1001 319 1056 aliis
333 1000 452 1074 negotiis
466 1000 603 1055 intentum
618 1000 738 1072 accepit,
760 1003 861 1058 maiora
876 1010 904 1058 et

98 1079 192 1152 magis
206 1094 302 1149 aspera
317 1075 432 1150 aggredi
443 1083 553 1147 tempus
563 1076 656 1131 visum
667 1084 718 1132 est.
757 1077 823 1133 Erat
832 1079 904 1134 inter

99 1155 224 1229 ingentis
234 1152 399 1208 solitudines
412 1151 548 1226 oppidum
562 1169 693 1227 magnum
703 1161 784 1226 atque
794 1155 899 1222 valeus,

98 1231 213 1286 nomine
229 1229 331 1302 Capsa,
358 1228 439 1284 cuius
454 1227 579 1284 eonditor
593 1229 724 1285 Hercules
739 1230 825 1306 Libys
844 1247 903 1287 me·

98 1305 269 1362 morabatur.
307 1305 375 1360 Eius
393 1305 470 1360 cives
485 1304 559 1378 apud
573 1305 734 1380 Iugurtham
752 1308 900 1373 immunes,

99 1384 158 1439 levi
169 1378 300 1455 imperio,
322 1391 349 1436 et
363 1381 399 1436 ob
414 1399 445 1436 ea
457 1380 623 1436 fidelissumi
633 1382 819 1440 habebantur:
840 1401 903 1439 mu·

99 1460 153 1516 niti
173 1459 321 1515 adversum
336 1458 422 1514 hostis
440 1474 494 1512 nou
513 1457 660 1514 moenibus
679 1458 760 1515 modo
776 1469 803 1516 ot
818 1461 901 1516 armis

98 1545 184 1608 atque
195 1536 273 1599 viris,
286 1551 382 1590 verum
394 1535 477 1589 etiam
488 1534 576 1588 multo
587 1535 675 1606 magis
688 1534 808 1591 locorum
820 1553 901 1609 aspe-

97 1613 192 1668 ritate.
231 1611 313 1676 Nam,
329 1619 437 1683 praeter
446 1608 550 1680 oppido
560 1610 731 1682 propinqua,
745 1612 799 1668 alia
809 1611 901 1668 omnia

96 1697 192 1752 vasta,
214 1687 332 1751 inculta,
355 1686 463 1759 egentia
479 1701 581 1756 aquae,
600 1684 699 1741 inieta
709 1689 899 1759 serpentibus:

97 1780 218 1840 quorum
239 1763 297 1829 vis,
326 1759 410 1817 s'iouti
428 1762 553 1816 omnium
572 1759 705 1826 ferarum,
729 1763 823 1835 iuopia
843 1763 901 1820 oibi

98 1841 201 1908 aerior;
224 1839 259 1895 ad
275 1839 327 1894 hoo
341 1848 437 1895 natura
452 1837 637 1908 serpentium,
660 1837 721 1909 ipsa
735 1841 899 1910 perniciosa,

97 1919 146 1974 siti
158 1917 261 1990 magis,
281 1931 365 1987 quam
380 1915 433 1970 alia
450 1912 662 1970 reaccenditur.
701 1915 769 1969 llius
782 1912 898 1994 [oppidi]

97 1993 228 2068 potiundi
243 1991 360 2048 hiarium
375 2007 504 2047 maxuma
524 1989 626 2062 cupido
641 1990 793 2055 invaserat,
812 2007 899 2064 quum

96 2077 212 2144 propter
225 2085 307 2123 usum
324 2068 404 2133 belli,
426 2077 484 2122 tum
499 2067 566 2139 qula
576 2084 621 2122 ras
630 2083 727 2141 aspera
737 2066 897 2138 videbatur;

98 2154 126 2202 et
141 2145 268 2201 Metellus
280 2144 416 2217 oppidum
432 2143 546 2199 Thalam
561 2159 662 2217 magna
676 2142 764 2216 gloria
779 2153 898 2215 ceperat,

98 2221 174 2278 haud
187 2220 362 2276 dissimiliter
371 2221 456 2275 situm
467 2220 671 2291 munitumque,
683 2218 738 2273 nisi
744 2220 819 2290 quod
826 2220 899 2292 apud

98 2298 215 2356 Thalam
229 2313 284 2352 non
300 2297 381 2370 longe
397 2313 412 2351 a
428 2295 574 2351 moenibus
589 2295 695 2366 aliquot
708 2293 795 2351 fontes
806 2305 896 2367 eraut3

98 2375 252 2446 Capsenses
262 2389 318 2428 una
329 2372 423 2436 modo,
445 2381 527 2444 atque
541 2389 572 2427 ea
587 2372 659 2426 iutra
669 2371 819 2443 oppidum,
839 2373 897 2447 iugi

99 2467 186 2522 aqua,
204 2457 293 2504 cetera
304 2448 401 2521 pluvia
411 2447 569 2503 utebantur.
599 2445 630 2502 ld
641 2446 738 2519 ibique
748 2457 775 2504 et
786 2449 899 2505 inomni

97 2526 206 2591 Africa,
222 2541 293 2596 quae
303 2523 399 2598 procul
409 2541 424 2578 a
435 2526 504 2578 mari
513 2523 647 2578 incultius
657 2524 770 2598 agebat,
785 2542 818 2581 eo
830 2523 899 2581 faoi-

97 2603 155 2658 lius
170 2601 351 2666 tolerabatur,
376 2601 441 2672 quia
454 2599 591 2656 Numidae
608 2599 773 2672 plerumque
788 2601 857 2658 lacte
872 2609 899 2657 et

97 2678 188 2735 lerina
198 2695 279 2733 oarue
289 2677 486 2741 vescebantur,
507 2684 534 2731 et
547 2677 733 2749 nequssalam
743 2693 834 2749 neque
844 2678 898 2734 ulia

96 2754 182 2830 gulae
200 2753 372 2811 irritamenta
385 2751 568 2826 quaerebant:
594 2753 675 2810 nibus
689 2762 826 2826 potusque
840 2753 899 2810 illia
