2070 3036
186 227 473 276 mensunusum.
494 229 576 277 CAP.
598 230 732 278 rua-1¹2.
810 225 856 281 lll

53 349 142 406 quam
164 329 365 394 munificentie,
391 331 481 397 vinci,
505 334 599 386 minus
619 328 787 406 flagitiosum
806 344 857 391 est.

53 409 185 465 Ceterum
196 406 231 463 de
241 405 385 479 republica
396 417 501 472 vestra,
517 407 598 462 cuius
608 405 665 462 huc
675 418 783 464 curator
791 410 860 466 mis-

53 502 105 540 sus
116 501 160 550 es,
182 484 279 556 paucis
295 483 399 554 accipe.
438 483 546 538 Bellum
561 497 613 556 ege
626 482 860 554 populcllomanc

55 577 149 632 neque
160 557 223 623 leci,
241 575 330 631 neque
341 557 444 627 lactum
454 575 586 631 umquam
597 558 688 614 volui:
711 558 774 614 linis
783 576 859 618 meos

54 635 206 692 adversum
227 643 344 690 armates
363 635 448 690 armis
466 643 570 690 tutatus
589 649 663 689 sum.
702 634 733 690 ld
752 636 857 702 omitto,

53 709 422 784 quandnvobisitaplacet:
443 711 546 784 gerite,
567 709 609 764 uti
624 709 719 774 voltis,
739 714 860 766 cumla-

53 787 158 862 gurtha
169 786 285 843 bellum.
324 787 383 861 Ego
394 782 497 842 flumen
507 784 681 850 Mulucham,
701 785 777 858 quod
788 787 860 844 iuter

54 881 99 918 me
110 871 139 918 et
149 863 293 934 Micipsam
304 861 372 926 tuit,
384 878 436 916 nen
449 861 590 935 egrediar,
602 877 693 933 neque
703 862 805 920 intrare
813 863 859 919 lu·

53 937 186 1012 gurtham
198 938 298 994 sinam.
336 939 478 993 Praeterea
493 935 518 991 si
532 934 601 1008 quid
612 953 712 1009 meque
723 938 859 1011 vobisque

53 1017 175 1088 <lignum
185 1013 332 1086 petiveris,
352 1012 426 1068 haud
436 1011 567 1085 repulsus
578 1011 708 1067 abibis.“

114 1089 184 1146 CXI.
205 1090 249 1145 rid
263 1107 293 1145 ee
310 1088 387 1144 Sulla
401 1106 452 1161 pre
465 1105 497 1144 se
510 1086 631 1144 breviter
644 1094 672 1145 et
681 1087 803 1158 medice,
824 1091 859 1149 de

54 1183 126 1239 pace
137 1165 207 1221 etde
218 1163 412 1221 communibus
425 1164 509 1220 rebus
519 1163 615 1220 multis
626 1163 769 1223 disseruit.
807 1168 859 1224 De-

55 1243 144 1314 nique
155 1243 212 1315 regi
224 1241 366 1315 patefecit,
390 1239 488 1314 „quod
498 1240 675 1314 polliceatur,
691 1241 821 1300 Senatum
832 1252 859 1301 et

55 1319 194 1391 populum
204 1320 369 1384 Romanum,
385 1317 516 1391 quoniam
528 1317 648 1388 amplius
658 1319 743 1375 manis
752 1319 859 1376 valuis-

56 1402 133 1456 sent,
155 1412 208 1450 non
219 1395 373 1469 ingratiam
385 1393 543 1451 hebitums:
566 1392 728 1452 faciundum
739 1395 856 1468 aliquid,

55 1469 134 1545 quod
145 1469 256 1526 illorum
266 1472 368 1544 megia,
385 1488 469 1543 quam
478 1487 543 1534 sua,
563 1470 691 1526 retulisse
703 1469 856 1543 videretur;

55 1547 87 1603 id
99 1545 168 1602 adeo
177 1545 205 1600 in
217 1558 344 1619 promptu
355 1563 429 1610 esse,
448 1546 581 1618 quoniam
591 1545 740 1618 Iugurthae
750 1549 858 1621 copiam

59 1623 187 1688 haberem
210 1638 292 1692 quem
303 1621 327 1676 si
339 1621 467 1676 llomanis
477 1619 652 1685 tradidisset,
673 1619 744 1687 fore,
762 1623 804 1678 uti
815 1623 858 1681 illi

57 1699 212 1770 plurimum
224 1695 384 1764 deberetur;
401 1695 566 1760 amicitiam,
584 1694 696 1761 ieedus,
710 1698 859 1756 Numidiae

56 1781 264 1846 partemquam
273 1789 347 1828 nunc
356 1779 471 1844 peteret,
485 1779 550 1826 tunc
560 1770 632 1827 ultre
643 1771 857 1832 adventuram.“

57 1852 117 1906 Rex
127 1848 218 1921 primo
228 1848 365 1922 negitare:
377 1846 548 1912 affinitatem,
560 1848 765 1920 cognationem,
779 1865 858 1922 prae-

58 1935 132 1981 terea
143 1923 240 1979 foedus
250 1924 445 1980 intervenisse:
468 1922 504 1979 ad
518 1922 569 1978 hoc
582 1932 718 1989 metuere,
740 1941 775 1981 ne
785 1923 859 1983 duna

59 2001 113 2057 fide
124 2017 206 2063 usus,
226 2000 402 2073 popularium
414 2000 520 2056 animos
530 2007 676 2063 averteret,
698 2004 762 2073 quis
776 2011 803 2058 et
813 2003 859 2058 lu-

57 2075 159 2151 gurtha
170 2092 263 2141 carus,
280 2084 306 2132 et
316 2077 430 2132 Romani
439 2075 526 2131 invisi
537 2083 623 2132 erant.
663 2075 786 2148 Denique
797 2095 859 2134 sae-

58 2153 124 2225 pius
135 2150 265 2224 fatigatus
276 2151 392 2215 lenitur,
415 2161 443 2208 et
456 2168 492 2206 ex
508 2151 649 2208 voluntate
658 2150 752 2208 Sullae
765 2155 857 2212 omnia

58 2245 89 2283 se
99 2226 235 2283 lecturum
246 2227 390 2299 promittit.
430 2227 558 2284 Ceterum
568 2226 603 2283 ed
612 2227 798 2284 simulandam
809 2248 859 2302 pa-

59 2320 135 2370 cem,
160 2302 242 2357 euius
256 2301 390 2366 Numida,
411 2302 538 2358 defessus
558 2303 647 2368 bello,
668 2304 859 2361 avidissumus

59 2387 129 2444 erat,
150 2379 310 2450 queeutilis
323 2378 395 2442 visa,
417 2380 598 2435 constituunt.
637 2380 688 2444 lta,
707 2382 858 2454 composito

59 2455 136 2518 dolo,
151 2453 355 2528 digrediuntur.

117 2530 198 2587 CXll.
219 2529 253 2586 At
264 2547 313 2585 rex
323 2537 431 2601 postero
441 2529 487 2585 die
497 2528 645 2601 Asparem,
660 2529 808 2604 Iugurthae
818 2532 858 2588 le-

59 2617 134 2670 tum,
156 2605 278 2678 appellat
292 2605 430 2677 dicitque:
452 2605 507 2659 sihi
522 2621 572 2677 per
583 2604 716 2662 Dabarem
732 2624 765 2663 ex
780 2607 857 2664 Sulla

59 2681 216 2757 cognitum,
229 2698 312 2754 pesse
325 2681 531 2738 conditionibus
542 2679 647 2736 bellum
657 2683 737 2756 poni:
758 2700 858 2755 quarn-

59 2758 155 2815 obrem
169 2758 243 2830 regis
258 2743 305 2812 sur‘
317 2757 480 2812 seutentiam
499 2757 666 2830 exquireret.
706 2759 756 2815 llle
770 2758 838 2816 laer·
