2058 3032
142 204 175 257 la
345 211 374 258 c,
396 211 524 258 curaer
543 211 747 268 sannusrrr

143 309 286 374 incendia,
309 311 418 383 aliaque
433 327 463 366 sa
477 311 555 366 foeda
567 319 649 382 atque
659 311 782 368 crudelia
793 311 919 370 facinora
927 313 958 368 in

140 387 211 442 civis
226 388 400 460 patriamque
415 389 570 460 paravisse3
594 388 629 441 de
645 387 793 454 confessis,
815 390 902 445 sicuti
922 390 957 444 de

141 463 296 519 manifestis
305 481 396 518 rerum
408 463 583 535 capitalium,
596 477 671 520 mora
682 467 832 529 maiorum,
845 465 958 538 suppli-

140 539 215 594 cium
227 539 405 594 sumendum.
415 545 432 572 “

197 615 264 670 Llll.
289 616 435 687 Postquam
450 615 515 670 Cato
531 613 653 679 adsedit,
679 613 845 672 Consulares
859 633 957 672 omnes

141 691 262 763 itemque
268 691 385 746 Senatus
397 707 495 764 magna
507 707 570 763 pars
581 692 745 746 sententiam
757 694 818 747 eius
830 691 955 756 laudant,

142 767 270 822 virtutem
282 767 367 822 animi
378 767 413 822 ad
423 767 531 822 coelum
544 766 648 822 lerunt:
670 766 717 821 alii
729 767 797 822 alios
808 767 957 842 increpan-

142 852 182 898 tes
198 843 308 898 timidos
324 849 435 898 vocant:
458 841 523 898 Cato
538 843 629 898 clarus
644 851 725 915 atque
741 853 859 918 magnus
871 844 957 900 babe—

141 927 198 974 tur:
213 917 307 974 Sanati
319 918 459 974 decretum
472 918 515 984 tit,
528 920 611 974 sicuti
623 919 671 974 ille
682 928 835 975 censuerat.

195 994 250 1050 Sed
263 995 330 1050 mihi
342 994 426 1050 multa
442 993 559 1068 legenti,
575 993 661 1050 multa
672 995 810 1060 audienti,
822 1012 894 1067 quae
906 1011 957 1069 po-

139 1070 224 1142 pulus
241 1073 377 1126 Romanus
393 1070 467 1125 domi
486 1071 672 1142 militiaeque,
695 1073 764 1126 mari
783 1082 866 1143 atque
884 1081 956 1128 terra

138 1147 277 1218 praeclara
291 1145 410 1201 lacinora
423 1146 501 1211 lecit,
526 1145 594 1202 lorte
605 1145 697 1201 lubuit
708 1149 862 1213 attendere,
884 1165 956 1220 quae

138 1238 182 1276 res
204 1237 332 1277 maxume
353 1232 426 1278 tanta
446 1223 556 1296 negotia
579 1224 768 1279 sustinuisset.
814 1222 954 1290 Sciebam,

139 1313 337 1369 saepenumero
362 1316 446 1370 parva
472 1315 555 1353 manu
580 1315 644 1354 oum
669 1300 776 1374 magnis
797 1299 956 1372 legionibus

139 1373 260 1429 bostium
286 1375 474 1430 contendisse:
513 1390 709 1448 cognoveram,
748 1377 841 1448 parvis
860 1379 956 1450 'copiis

138 1449 211 1506 bella
222 1459 297 1524 gesta
308 1466 371 1506 curn
382 1451 523 1522 opulentis
535 1450 663 1525 regibus:
685 1450 719 1505 ad
736 1451 787 1506 hoc
802 1467 886 1524 saepe
902 1453 957 1509 lor·

139 1535 220 1582 tunae
232 1526 391 1581 violentiam
404 1528 577 1583 toleravisse:
601 1526 730 1582 facundia
741 1527 874 1592 Graecos,
894 1529 958 1603 glo-

139 1604 178 1658 ria
196 1603 261 1658 belli
273 1603 368 1659 Gallos
384 1614 446 1659 ante
458 1605 592 1660 Romanos
609 1603 706 1659 luisse.
746 1604 785 1659 nc
800 1603 869 1658 mihi
881 1605 957 1661 mul-

138 1687 165 1734 ta
186 1679 300 1753 agitanti
322 1681 477 1744 constabat,
515 1695 666 1753 paucorum
686 1679 791 1736 civium
813 1683 957 1754 egregiam

138 1755 268 1811 virtutem
284 1766 381 1812 cuncta
397 1757 564 1830 patravisee;
586 1772 673 1827 eoque
691 1755 806 1820 lactum,
827 1757 867 1810 uti
880 1759 958 1813 divi-

137 1831 190 1886 tias
220 1842 380 1904 paupertas,
418 1832 625 1887 multitudinem
651 1832 775 1902 pancitas
800 1843 956 1903 superaret.

138 1904 193 1962 Sed
213 1918 357 1980 postquam
380 1907 446 1962 luxu
471 1917 553 1978 atque
576 1905 683 1960 desidia
709 1907 807 1962 civitas
827 1920 957 1982 corrupta

137 1992 193 2047 est,
215 2001 311 2039 rursus
322 1983 478 2055 respublica
490 1981 681 2054 magnitudine
692 1999 741 2038 sua
755 1983 957 2055 imperatorum

138 2065 220 2129 atque
235 2061 444 2132 magistratuum
461 2058 529 2112 vitia
543 2057 728 2126 sustentabat,
751 2075 796 2124 ac,
818 2060 901 2116 sicuti
915 2062 960 2118 el-

137 2132 191 2188 feta
207 2145 333 2205 parente,
354 2135 449 2190 multis
465 2133 676 2203 tempestatibus
695 2134 769 2190 baud
790 2153 857 2190 sane
874 2142 958 2208 quis-

136 2226 221 2280 quam
242 2211 342 2266 Romaa
369 2211 470 2265 virtute
494 2224 611 2282 magnus
637 2208 700 2265 luit.
741 2210 795 2266 Sed
821 2217 956 2270 memoria

139 2302 198 2347 mea
210 2286 316 2358 ingenti
329 2288 444 2350 virtute,
464 2282 584 2341 diversis
595 2286 720 2341 moribus
733 2286 809 2342 luere
820 2289 874 2343 viri
886 2289 954 2357 duo,

137 2363 173 2418 Ill.
192 2359 256 2416 Cato
271 2370 297 2415 et
313 2360 342 2418 C.
359 2361 471 2417 Caesar:
492 2375 576 2432 quos,
598 2363 730 2432 quoniam
745 2379 789 2416 res
804 2362 953 2434 obtulerat,

137 2437 248 2492 silentio
265 2439 415 2510 praeterire
435 2453 489 2492 non
509 2434 562 2490 luit
576 2437 739 2502 consilium,
761 2440 830 2509 quin
846 2443 956 2498 utrius-

137 2531 192 2586 que
213 2521 337 2568 naturam
357 2522 385 2568 et
404 2529 507 2576 mores,
539 2521 674 2582 quantum
698 2513 811 2586 ingenio
829 2524 951 2588 possem,

140 2589 286 2663 aperirem.

196 2665 261 2722 LIV.
286 2661 431 2736 lgiturhis
446 2678 547 2736 genus,
576 2669 663 2725 aetas,
689 2662 845 2734 eloquentia
865 2682 953 2742 prope

140 2741 265 2815 aequalia
279 2739 367 2795 luere:
393 2735 554 2810 magnitudo
572 2734 655 2790 animi
672 2751 734 2784 nar.
760 2739 826 2791 imm,
845 2741 950 2815 3101103
