2070 3036
210 235 500 283 lUGURTlllNUM.
521 237 601 284 CAP.
620 236 728 284 tta—72.
819 228 868 283 ltl'l

14 387 15 394 ,
54 343 81 395 ls
98 347 268 413 postquam,
292 336 484 412 magnitudine
502 337 633 394 facinoris
647 337 807 411 perculsus,
832 338 867 394 ad

14 419 16 450 r
55 425 176 489 tempus
188 433 242 470 non
252 415 337 480 venit,
350 424 494 488 metusque
505 433 563 470 rem
574 414 757 487 impediebat,
765 414 866 470 Bomil-

55 511 120 558 car,
146 491 233 546 simul
245 489 365 564 cupidus
374 492 483 565 incepta
494 491 635 564 patrandi,
654 499 680 546 et
690 491 788 546 timore
798 490 867 544 sccii

56 569 182 632 anxius,
204 584 252 632 ne,
274 567 478 623 cmisscvetere
490 568 619 633 consilio,
636 583 738 622 novum
750 582 868 640 quaere-

56 655 110 709 ret,
130 644 228 698 literas
238 642 272 698 ad
282 661 346 698 eum
357 661 408 716 per
417 644 543 699 homines
554 643 644 698 fidelis
654 643 748 707 mittit,
762 642 791 696 in
802 641 866 714 quis

57 721 212 777 mollitiem
228 719 437 792 socordiamque
453 721 507 775 viri
519 737 661 786 accusare,
683 718 778 774 testari
789 717 865 783 deos,

56 813 109 868 per
125 812 201 868 qnos
214 795 375 864 iuravisset;
396 813 521 863 monere,
543 813 578 851 ne
591 796 713 868 praemia
722 794 825 851 Metelli
837 795 865 848 in

54 881 172 944 pestem
183 879 366 940 converteret3
379 872 529 946 Iugurthae
538 873 655 928 exitium
666 871 777 940 adesse,
793 877 868 926 cete-

55 966 124 1004 rurn
137 965 225 1003 suane
236 966 270 1003 an
281 947 385 1004 Metelli
396 950 495 1004 virtute
504 949 621 1020 periret,
643 947 673 1003 id
686 947 768 1003 modo
778 947 867 1022 agita-

55 1027 95 1080 ri:
132 1023 250 1098 proinde
264 1033 403 1097 reputaret
418 1041 482 1080 cunr
498 1025 591 1080 animo
605 1041 669 1091 suc,
695 1022 818 1097 praemia
832 1040 865 1079 an

57 1101 219 1157 cruciatum
230 1101 335 1156 mallet.

117 1178 220 1233 LXXI.
250 1175 307 1232 Sed
320 1193 406 1249 quum
421 1176 473 1232 hae
488 1177 582 1232 literae
596 1177 708 1244 allatae,
729 1175 798 1233 forte
811 1177 867 1232 Na·

58 1253 179 1318 bdalsa,
195 1254 315 1308 exercito
326 1270 438 1325 corpore
450 1252 553 1319 lessus,
571 1254 600 1308 in
611 1253 680 1310 lecto
690 1252 863 1327 quiescebnt;

57 1331 122 1394 ubi,
140 1329 260 1402 cognitis
270 1329 431 1386 Bomilcaris
442 1330 545 1396 verbis,
561 1331 651 1402 primo
662 1347 737 1395 cura,
752 1328 864 1394 deinde,

58 1407 101 1461 uti
112 1421 230 1479 aegrum
241 1405 364 1460 animum
375 1406 453 1472 solet,
469 1422 583 1462 somnus
593 1407 676 1479 cepit.
696 1407 762 1462 Erat
770 1406 796 1461 ei
807 1407 866 1460 Nu·

59 1481 139 1536 mida
153 1479 282 1552 quidam,
305 1483 476 1555 negotiorum
492 1490 613 1547 curator,
635 1481 707 1536 fidus
722 1489 866 1554 acceptus·

57 1575 133 1628 quc,
151 1565 178 1611 et
187 1557 311 1612 omnium
323 1558 516 1622 consiliorum,
532 1557 587 1612 nisi
597 1557 766 1624 novissumi,
778 1556 866 1630 parti-

59 1651 140 1707 ceps.
181 1630 234 1698 Qui
245 1641 391 1705 postquam
402 1633 498 1688 allatas
508 1633 602 1687 literas
614 1631 736 1699 audivit,
753 1650 789 1688 ex
798 1649 866 1689 con-

59 1707 212 1765 suetudine
223 1717 312 1773 ratus,
330 1724 412 1781 opera
424 1716 470 1763 aut
480 1709 592 1782 ingenio
603 1724 654 1764 suo
662 1725 733 1780 opus
744 1726 818 1775 ease,
834 1707 865 1762 in

59 1785 272 1841 tabernaculum
284 1785 405 1840 introiit:
423 1783 575 1840 dormiente
586 1783 635 1838 illo
646 1784 804 1856 epistolum,
816 1800 865 1838 su-

60 1879 113 1934 per
123 1868 207 1932 caput
218 1861 246 1915 in
257 1861 374 1932 pulvino
384 1869 486 1916 temere
496 1860 625 1934 positam,
637 1860 723 1916 sumit
733 1876 764 1916 ac
775 1859 866 1933 perle-

60 1941 117 2011 git:
131 1937 197 1993 dein
208 1953 333 2009 propere,
346 1937 465 2011 cognitis
475 1936 597 2002 insidiis,
613 1935 648 1991 ad
659 1953 752 2010 regem
763 1936 863 2010 pergit.

60 2013 212 2078 Nabdalsa,
227 2019 290 2086 post
299 2013 393 2086 paullo
404 2021 589 2086 experrectus,
601 2013 650 2068 ubi
661 2029 751 2085 neque
761 2013 866 2084 episto·

61 2089 117 2145 lam
129 2089 246 2160 reperit,
268 2097 294 2143 et
304 2107 360 2145 rem
372 2103 495 2154 omnem,
511 2090 553 2145 uti
563 2098 621 2144 acta
632 2096 703 2153 erat,
721 2088 862 2161 cognovit,

61 2167 154 2237 primo
165 2164 286 2220 indicem
298 2167 563 2238 persequiconatus;
577 2173 723 2236 postquam
729 2163 758 2218 id
765 2163 865 2219 frustra

63 2241 131 2309 luit,
147 2241 309 2314 Iugurtham
319 2241 447 2313 placandi
459 2243 546 2314 gratia
557 2239 675 2308 accedit;
694 2239 776 2306 dicit,
793 2256 864 2313 quae

63 2319 124 2391 ipse
135 2317 291 2390 paravisset
301 2314 406 2382 lacere,
426 2315 543 2389 persidia
553 2316 662 2372 clientis
673 2316 718 2370 sui
729 2332 865 2389 pracven-

63 2403 106 2449 ta:
130 2393 287 2448 lacrumans
301 2392 452 2448 obtestatur
467 2409 516 2464 per
530 2391 681 2448 amicitiam
695 2409 799 2466 perque
814 2410 864 2449 sua

64 2479 143 2524 antea
155 2467 273 2524 lideliter
284 2476 356 2534 acta,
377 2484 411 2523 ne
427 2484 512 2540 super
526 2467 574 2523 tall
589 2467 693 2523 scelere
704 2477 864 2543 suspectum

64 2563 125 2600 sese
136 2544 261 2600 haberet.

120 2621 232 2676 LXXII.
253 2619 295 2674 Ad
307 2635 411 2683 carex,
433 2617 524 2684 aliter,
536 2627 627 2692 -atque
638 2621 730 2674 animo
740 2619 861 2694 gerebat,

66 2696 176 2769 placide
187 2693 340 2768 respondit.
379 2694 530 2751 Bomilcare
540 2695 660 2769 aliisque
669 2695 779 2760 multis,
794 2711 863 2766 quoa

65 2774 154 2828 socios
165 2771 329 2828 insidiarum
342 2780 519 2845 cognoverat,
541 2773 708 2838 interiectis,
729 2771 798 2827 iram
813 2786 864 2844 cp-
