2086 3042
141 214 188 269 l28
288 218 315 264 0.
335 217 390 263 CR.
410 216 614 265 SALLUSTII
632 217 786 263 BELLUM

139 325 244 372 sertum
253 315 288 371 ab
298 332 330 371 en
340 327 430 393 parte;
446 317 523 392 quod
532 335 642 386 omnes,
656 319 740 375 sicuti
751 318 815 374 aliis
825 315 945 384 (lichum,

140 391 286 448 adversum
300 393 394 451 hostes
409 394 531 451 aderant.
571 395 687 461 Marius,
708 395 759 450 ubi
770 413 806 452 ex
815 394 946 460 nunciis,

138 485 210 540 quae
221 470 306 542 Ligus
317 478 422 545 egerat,
439 472 581 545 cognovit,
593 487 762 544 quamquam
771 480 827 526 toto
837 469 886 526 die
898 472 948 526 in-

138 553 227 600 tentos
237 545 341 617 praelio
351 546 486 602 Numidas
496 547 643 613 habuerat,
664 556 723 603 tum
737 564 803 604 vero
813 547 947 602 cohorta-

139 628 183 676 tus
195 621 313 686 milites,
336 623 433 695 etipse
443 623 625 680 extrarinoas
635 641 776 698 egressus,
798 621 946 678 testudine

138 705 198 752 acta
213 697 376 764 succedere,
397 707 425 754 et
438 699 522 754 simul
542 699 649 756 hostem
666 700 810 756 tormentis
823 699 947 772 sagitta-

138 773 244 846 riisque
254 781 282 830 et
292 773 480 830 funditoribus
490 776 600 831 amicus
613 785 724 833 terrere.
745 775 780 831 tr
790 774 942 839 Numidae,

137 866 220 922 saepe
235 858 314 905 antea
328 851 419 906 vineis
435 852 620 908 Romanorum
633 851 791 916 subversis,
813 852 880 906 item
894 851 946 905 in-

38 975 40 980 .
137 926 243 990 censis,
264 941 318 981 non
333 926 438 982 castelli
454 928 600 984 moenibus
614 945 675 983 sese
693 926 865 995 tutabantur,
889 926 943 982 sed

136 1017 187 1073 prc
196 1017 276 1057 muro
286 1001 347 1058 dies
360 1011 509 1076 noctesque
523 1005 640 1078 agitare:
663 1002 828 1058 maledicere
838 1003 944 1057 Rome-

136 1077 194 1142 nis,
209 1087 243 1132 'ac
252 1079 337 1135 llario
347 1077 506 1144 vecordiam
515 1080 667 1149 obiectare,
688 1079 825 1134 militibus
836 1077 943 1134 nostris

135 1153 284 1226 Iugurthae
299 1155 444 1210 servitium
459 1157 573 1225 minori3
596 1155 726 1212 secundis
740 1155 823 1210 rebus
833 1153 942 1210 feroces

136 1245 207 1284 osse.
239 1229 365 1295 Interim,
383 1231 513 1287 omnibus
524 1232 654 1287 Romanis
666 1231 848 1302 hostibusque
856 1246 942 1302 praa-

136 1304 174 1360 lic
184 1305 307 1370 intentis,
322 1320 423 1379 magno
433 1309 573 1379 utrimque
583 1309 622 1372 vi,
634 1325 683 1379 pro
693 1307 782 1380 gloria
791 1315 873 1378 atque
882 1306 942 1362 im·
1034 1345 1035 1374 ,

135 1381 213 1453 peric
223 1381 277 1446 his,
290 1381 348 1438 illis
359 1399 408 1454 pro
419 1383 508 1438 salute
517 1382 696 1447 certantibus,
712 1392 824 1455 repente
834 1399 849 1437 u
860 1390 940 1455 tergo
1034 1375 1035 1426 l

135 1457 215 1531 signa
226 1473 338 1514 canere:
354 1475 386 1513 ac
396 1458 486 1530 primo
497 1458 628 1514 mulieres
639 1467 666 1514 et
674 1459 769 1530 pueri,
782 1458 832 1530 qui
842 1458 939 1514 visum
1034 1467 1035 1480 ³

134 1543 337 1605 processerant,
349 1533 458 1610 fugere3
471 1533 587 1600 deinde,
600 1535 641 1590 uti
651 1535 772 1607 quisque
783 1550 861 1590 muro
871 1550 940 1605 pro·

136 1625 237 1665 xumus
256 1618 328 1675 erut,
359 1619 497 1682 postremo
515 1611 607 1666 cuncti
628 1612 725 1667 armati
748 1609 937 1680 inermesque.

135 1684 213 1751 Quod
224 1685 273 1742 ubi
285 1687 399 1753 accidit,
416 1703 448 1743 eo
459 1689 550 1743 acrius
560 1687 676 1744 Romani
686 1687 802 1752 instare,
819 1684 937 1742 fundere

136 1777 167 1816 ac
177 1762 323 1834 plerosque
334 1763 523 1820 tantummodo
532 1764 672 1819 sauciare:
692 1761 757 1818 dein
767 1778 851 1833 super
861 1762 938 1818 occi·

135 1854 229 1892 sorum
244 1853 357 1910 corpora
371 1838 487 1905 vedere,
509 1839 586 1895 avidi
600 1839 705 1913 gloriae
720 1846 854 1894 cenantes
872 1855 937 1894 mu·

134 1929 196 1968 rum
207 1923 308 1985 petere,
321 1931 411 1987 neque
420 1931 590 1987 quemquam
599 1916 723 1971 omnium
733 1913 836 1987 praeda
846 1930 937 1970 mora·

134 1989 169 2043 ri.
209 1988 256 2045 Sic
271 1988 340 2046 forte
353 1999 472 2047 correcta
487 1991 566 2048 Marii
584 1991 737 2056 temeritas,
763 1990 880 2064 gloriam
898 2006 935 2047 ex
1032 2057 1033 2067 χ

135 2064 345 2137 eulpainvenit.
778 2123 780 2132 ,

191 2140 273 2199 XCV.
280 2141 407 2197 Ceterum
417 2140 485 2196 dum
494 2159 527 2196 aa
535 2158 580 2197 res
590 2142 705 2216 geritur,
717 2142 749 2196 L.
760 2139 839 2197 Sulla
844 2139 934 2208 Quae-

134 2224 191 2271 stor
201 2233 265 2271 oum
275 2233 375 2289 magno
385 2218 510 2288 equitatu
521 2219 550 2272 in
562 2217 751 2273 castraverit:
766 2232 836 2290 quos
846 2217 888 2274 uti
898 2235 934 2274 ex

133 2292 211 2347 Latio
226 2302 253 2347 et
268 2292 382 2348 usociis
392 2302 501 2367 cogeret
518 2293 685 2359 exercitum,
705 2293 806 2350 Romae
821 2292 933 2349 relictus
1031 2297 1032 2306 ’

133 2375 201 2422 eret.
241 2367 298 2423 Sed
308 2368 439 2440 quoniam
450 2386 499 2425 nos
509 2369 577 2425 tanti
588 2369 644 2425 viri
653 2386 697 2424 res
708 2368 860 2434 admonuit,
871 2367 932 2424 ido-

134 2459 217 2500 neum
226 2444 320 2500 visum
331 2451 381 2508 est,
394 2443 428 2500 de
437 2452 534 2500 natura
544 2444 743 2516 cultuquseius
749 2444 846 2517 paucis
856 2443 932 2500 dice-

133 2536 173 2575 re.
213 2521 309 2592 Neque
322 2520 397 2575 enim
411 2521 465 2576 alio
476 2520 534 2576 loco
544 2518 579 2576 de
589 2519 668 2576 Sulla
678 2519 762 2575 rebus
772 2519 874 2576 dicturi
883 2538 932 2575 su·
1030 2569 1031 2578 ,

133 2610 209 2662 mus,
222 2605 249 2651 et
258 2597 290 2651 L.
302 2595 434 2661 Sisenna,
448 2604 561 2669 optume
571 2605 599 2652 et
608 2595 832 2668 diligentissume
842 2596 931 2652 omni-

132 2687 190 2737 um,
198 2673 247 2744 qui
259 2689 304 2728 cas
315 2688 359 2728 res
370 2671 475 2738 dixere,
482 2681 654 2746 persecutus,
661 2687 760 2744 parum
768 2670 929 2728 mibilibero

133 2763 179 2803 ore
190 2748 298 2806 locutus
309 2745 429 2804 videtur.
450 2748 536 2823 lgitru
547 2746 625 2806 Sulla
637 2747 729 2822 gentis
738 2749 871 2822 patriciae
880 2764 928 2804 no-
