2058 3032
136 215 167 268 48
337 221 364 267 0.
385 221 513 266 cltlsm
532 220 738 267 snuuus'ffl

133 335 308 385 succurrere,
338 321 460 395 integros
478 338 529 398 pro
549 321 653 378 sauciis
674 338 825 378 arcessere:
857 323 953 377 omnia

134 395 294 469 providere,
312 397 431 454 multum
441 397 502 469 ipse
513 413 652 472 pugnare,
672 415 754 471 saepe
764 397 874 454 bostem
884 395 953 453 ieri-

133 491 176 548 re3
199 474 305 529 strenui
324 473 423 529 militis
443 481 469 528 et
485 473 551 530 boni
565 475 740 546 imperatoris
755 471 847 530 cilicia
864 474 951 528 simul

134 548 348 621 exsequebatur.
386 549 525 615 Petreius,
542 549 692 615 ubividet‚
710 549 873 614 Catilinam,
884 565 952 606 con-

133 635 174 680 tra
194 634 317 681 aeratus
336 631 407 688 erat,
433 642 534 698 magna
552 627 581 682 vi
604 624 782 694 contendere;
809 624 952 681 cohortem

133 702 298 773 praetoriam
312 701 342 756 in
356 699 462 756 medios
478 701 565 756 hostis
579 700 702 767 inducit,
724 717 828 773 eosque
841 709 953 773 pertur-

134 777 212 834 batos
227 786 309 850 atque
323 775 392 832 alios
407 775 475 831 alibi
496 777 655 834 resistentes
673 777 818 833 interficit:
848 775 953 832 deinde

135 853 276 926 utrimque
285 869 321 908 ex
331 851 464 908 lateribus
474 860 579 910 ceteros
589 852 760 928 aggreditur.
793 852 952 909 llanliuset
1000 869 1003 886 ·

135 930 304 986 Faesulanus
318 929 348 983 in
361 927 461 1000 primis
479 938 635 1002 pugnantes
650 929 762 985 cadunt.
801 929 951 1001 Postquam

134 1003 211 1062 lusae
220 1005 314 1078 copias
324 1020 483 1076 sequanum
495 1005 593 1076 paucis
603 1003 730 1061 relictum
737 1003 950 1070 videtCatilina‚

134 1097 239 1138 memor
257 1081 367 1155 generis
386 1087 468 1152 atque
486 1081 619 1154 pristinae
641 1080 800 1152 dignitatis,
833 1080 863 1135 in
885 1097 953 1137 con-

134 1155 307 1287 gertissumos
325 1155 413 1212 hostis
432 1157 563 1222 incurrit,
595 1157 692 1230 ibique
709 1173 838 1231 pugnans
858 1156 953 1212 conlo·

154 1233 220 1288 itur.

191 1383 263 1440 LXI.
289 1381 344 1438 Sed
365 1380 488 1439 conlecto
507 1384 628 1456 praelio,
649 1394 708 1440 tum
728 1401 793 1440 vero
812 1401 951 1451 cerneres,

135 1468 238 1534 quanta
253 1458 369 1515 audacia
384 1468 543 1532 quantaque
553 1461 597 1518 vis
611 1462 698 1516 animi
713 1459 812 1517 fuisset
826 1461 856 1516 in
872 1478 954 1518 exer·

136 1539 193 1595 citu
213 1533 357 1594 Catilinae.
397 1537 466 1592 Nam
483 1535 553 1603 lere,
579 1554 663 1610 quem
683 1537 778 1609 quivis
794 1536 880 1594 vivam
898 1554 953 1610 pu·

136 1611 248 1688 gnando
258 1612 350 1668 locum
360 1621 484 1685 ceperat,
504 1631 582 1680 eum,
603 1613 704 1670 amissa
716 1613 821 1678 anima,
839 1629 953 1687 corpora

136 1690 256 1764 tegebat.
294 1689 380 1744 Pauci
395 1697 501 1755 autem,
523 1707 594 1763 quos
609 1689 716 1746 medios
730 1688 828 1746 cohors
843 1699 953 1762 praeto·

136 1767 178 1822 ria
188 1765 349 1830 disiecerat,
363 1765 458 1838 paullo
468 1765 623 1831 diversius,
635 1764 685 1821 ssd
694 1782 790 1822 omnes
800 1773 893 1822 tamen
903 1766 953 1821 ad·

137 1844 228 1898 versis
243 1841 405 1899 volneribus
424 1841 612 1897 conciderant.
652 1840 770 1898 Catilina
785 1858 851 1898 vero
871 1842 955 1916 longe

136 1918 222 1974 asnis
232 1921 305 1974 inter
314 1917 436 1974 hostium
446 1915 581 1974 cadavera
591 1925 717 1988 repertus
728 1925 779 1984 est,
794 1917 952 1992 paullulum

137 1993 221 2050 etiam
235 1995 359 2067 spirans,
385 1992 570 2065 ferociamque
590 1993 689 2059 animi,
716 2009 801 2066 quam
819 1993 955 2050 habuerat

136 2071 235 2136 vivus,
256 2072 286 2126 in
301 2069 382 2127 vultu
401 2069 534 2125 retinens.
572 2069 713 2125 Postremo
728 2071 852 2126 exomni
874 2072 954 2144 copia

137 2161 228 2219 neque
241 2146 271 2202 in
285 2145 390 2218 praelio
404 2161 495 2218 neque
509 2145 539 2200 in
553 2143 618 2219 luga
632 2146 781 2218 quisquam
791 2145 862 2202 civis
872 2146 955 2220 inge·

138 2239 212 2278 uuus
229 2229 327 2294 captus
345 2230 399 2278 ost:
429 2221 468 2278 ita
486 2221 580 2276 cuncti
600 2239 668 2278 suas
687 2221 864 2293 hostiumque
879 2223 954 2280 vitae

138 2299 216 2354 iuxta
235 2306 424 2370 pepercerant.
467 2297 565 2370 Neque
584 2303 676 2354 tamen
697 2297 835 2354 exercitus
891 2297 954 2370 puli

138 2373 253 2429 Romani
279 2373 377 2430 laetam
402 2381 449 2430 aut
471 2373 644 2430 incruentam
664 2373 807 2430 victoriam
835 2389 851 2427 a
872 2383 953 2447 eptus

139 2457 210 2518 erat;
240 2465 303 2505 nam
323 2450 544 2506 strenuissumus
563 2451 683 2523 quisque
702 2456 749 2506 aut
766 2448 906 2505 occiderat
924 2450 953 2504 in

138 2524 257 2598 praelio,
279 2533 326 2581 aut
342 2526 465 2599 graviter
481 2525 639 2582 volneratus
659 2524 833 2582 discesserat.
872 2524 954 2584 llulti

140 2611 242 2666 autern,
252 2600 302 2672 qui
312 2599 347 2654 da
356 2601 454 2655 castris
460 2601 574 2656 visundi
585 2610 633 2656 aut
642 2599 780 2673 spoliandi
791 2602 880 2676 gratia
888 2618 954 2676 pro·

138 2683 291 2754 cesserant,
313 2673 457 2730 volventes
467 2675 580 2731 hostilia
591 2675 739 2752 cadavera,
761 2678 879 2752 amicum
891 2677 950 2744 alit,
