<?xml version="1.0" encoding="UTF-8"?>
<!DOCTYPE html PUBLIC "-//W3C//DTD XHTML 1.0 Transitional//EN"
    "http://www.w3.org/TR/xhtml1/DTD/xhtml1-transitional.dtd">
<html xmlns="http://www.w3.org/1999/xhtml" xml:lang="en" lang="en">
 <head>
  <title>
</title>
<meta http-equiv="Content-Type" content="text/html;charset=utf-8" />
  <meta name='ocr-system' content='tesseract 3.04.00' />
  <meta name='ocr-capabilities' content='ocr_page ocr_carea ocr_par ocr_line ocrx_word'/>
</head>
<body>
  <div class='ocr_page' id='page_1' title='image "./ccrispisallusti00nobbgoog_0161.png"; bbox 0 0 2086 3042; ppageno 0'>
   <div class='ocr_carea' id='block_1_1' title="bbox 185 191 826 248">
    <p class='ocr_par' dir='ltr' id='par_1_1' title="bbox 185 191 826 248">
     <span class='ocr_line' id='line_1_1' title="bbox 185 191 826 248; baseline -0.006 -4"><span class='ocrx_word' id='word_1_1' title='bbox 185 191 232 248; x_wconf 66' lang='lat' dir='ltr'>its</span> <span class='ocrx_word' id='word_1_2' title='bbox 329 197 356 244; x_wconf 87' lang='lat' dir='ltr'>c.</span> <span class='ocrx_word' id='word_1_3' title='bbox 376 196 431 242; x_wconf 76' lang='lat' dir='ltr'>cn.</span> <span class='ocrx_word' id='word_1_4' title='bbox 452 195 656 242; x_wconf 76' lang='lat' dir='ltr'>sauuusrrs</span> <span class='ocrx_word' id='word_1_5' title='bbox 675 195 826 244; x_wconf 78' lang='lat' dir='ltr'>uunnuu</span> 
     </span>
    </p>
   </div>
   <div class='ocr_carea' id='block_1_2' title="bbox 183 294 986 1351">
    <p class='ocr_par' dir='ltr' id='par_1_2' title="bbox 183 294 986 1351">
     <span class='ocr_line' id='line_1_2' title="bbox 183 294 983 370; baseline 0 -18"><span class='ocrx_word' id='word_1_6' title='bbox 183 297 213 352; x_wconf 91' lang='lat' dir='ltr'>in</span> <span class='ocrx_word' id='word_1_7' title='bbox 233 304 320 356; x_wconf 87' lang='lat' dir='ltr'>cestra</span> <span class='ocrx_word' id='word_1_8' title='bbox 340 295 487 370; x_wconf 78' lang='lat' dir='ltr'><strong>Iugurthae</strong></span> <span class='ocrx_word' id='word_1_9' title='bbox 510 296 596 350; x_wconf 85' lang='lat' dir='ltr'>venit.</span> <span class='ocrx_word' id='word_1_10' title='bbox 636 294 741 350; x_wconf 81' lang='lat' dir='ltr'>Deinde</span> <span class='ocrx_word' id='word_1_11' title='bbox 760 294 794 350; x_wconf 88' lang='lat' dir='ltr'>ab</span> <span class='ocrx_word' id='word_1_12' title='bbox 814 295 862 351; x_wconf 93' lang='lat' dir='ltr'>illo</span> <span class='ocrx_word' id='word_1_13' title='bbox 883 306 983 352; x_wconf 86' lang='lat' dir='ltr'>cuncta</span> 
     </span>
     <span class='ocr_line' id='line_1_3' title="bbox 184 368 984 445; baseline 0 -17"><span class='ocrx_word' id='word_1_14' title='bbox 184 371 313 436; x_wconf 83' lang='lat' dir='ltr'>edoctus,</span> <span class='ocrx_word' id='word_1_15' title='bbox 333 379 476 445; x_wconf 84' lang='lat' dir='ltr'>properato</span> <span class='ocrx_word' id='word_1_16' title='bbox 487 370 599 435; x_wconf 87' lang='lat' dir='ltr'>itinere,</span> <span class='ocrx_word' id='word_1_17' title='bbox 615 378 678 443; x_wconf 91' lang='lat' dir='ltr'>post</span> <span class='ocrx_word' id='word_1_18' title='bbox 688 368 762 426; x_wconf 91' lang='lat' dir='ltr'>diem</span> <span class='ocrx_word' id='word_1_19' title='bbox 772 379 901 428; x_wconf 87' lang='lat' dir='ltr'>octavum</span> <span class='ocrx_word' id='word_1_20' title='bbox 912 373 984 428; x_wconf 89' lang='lat' dir='ltr'>redit</span> 
     </span>
     <span class='ocr_line' id='line_1_4' title="bbox 184 446 982 520; baseline -0.001 -17"><span class='ocrx_word' id='word_1_21' title='bbox 184 447 219 504; x_wconf 91' lang='lat' dir='ltr'>ad</span> <span class='ocrx_word' id='word_1_22' title='bbox 238 446 389 520; x_wconf 85' lang='lat' dir='ltr'>Bocchum,</span> <span class='ocrx_word' id='word_1_23' title='bbox 418 454 445 503; x_wconf 91' lang='lat' dir='ltr'>et</span> <span class='ocrx_word' id='word_1_24' title='bbox 467 447 494 508; x_wconf 84' lang='lat' dir='ltr'>ei</span> <span class='ocrx_word' id='word_1_25' title='bbox 511 446 638 511; x_wconf 76' lang='lat' dir='ltr'>nunciat,</span> <span class='ocrx_word' id='word_1_26' title='bbox 672 447 857 520; x_wconf 84' lang='lat' dir='ltr'>„Iugurtham</span> <span class='ocrx_word' id='word_1_27' title='bbox 881 464 982 519; x_wconf 87' lang='lat' dir='ltr'>cupere</span> 
     </span>
     <span class='ocr_line' id='line_1_5' title="bbox 183 519 981 596; baseline -0.004 -17"><span class='ocrx_word' id='word_1_28' title='bbox 183 524 289 588; x_wconf 87' lang='lat' dir='ltr'>omnia,</span> <span class='ocrx_word' id='word_1_29' title='bbox 302 539 374 596; x_wconf 87' lang='lat' dir='ltr'>quae</span> <span class='ocrx_word' id='word_1_30' title='bbox 384 521 598 596; x_wconf 77' lang='lat' dir='ltr'>imperarentur,</span> <span class='ocrx_word' id='word_1_31' title='bbox 610 519 714 578; x_wconf 82' lang='lat' dir='ltr'>facere:</span> <span class='ocrx_word' id='word_1_32' title='bbox 729 519 778 576; x_wconf 91' lang='lat' dir='ltr'>sed</span> <span class='ocrx_word' id='word_1_33' title='bbox 788 521 873 577; x_wconf 79' lang='lat' dir='ltr'>ilario</span> <span class='ocrx_word' id='word_1_34' title='bbox 883 539 981 594; x_wconf 86' lang='lat' dir='ltr'>parum</span> 
     </span>
     <span class='ocr_line' id='line_1_6' title="bbox 186 595 983 672; baseline -0.001 -18"><span class='ocrx_word' id='word_1_35' title='bbox 186 597 282 656; x_wconf 83' lang='lat' dir='ltr'>fidere:</span> <span class='ocrx_word' id='word_1_36' title='bbox 305 614 387 670; x_wconf 87' lang='lat' dir='ltr'>saepe</span> <span class='ocrx_word' id='word_1_37' title='bbox 401 605 479 654; x_wconf 87' lang='lat' dir='ltr'>antea</span> <span class='ocrx_word' id='word_1_38' title='bbox 495 615 559 656; x_wconf 88' lang='lat' dir='ltr'>cum</span> <span class='ocrx_word' id='word_1_39' title='bbox 569 595 782 671; x_wconf 79' lang='lat' dir='ltr'>imperatoribus</span> <span class='ocrx_word' id='word_1_40' title='bbox 793 597 923 653; x_wconf 86' lang='lat' dir='ltr'>Romanis</span> <span class='ocrx_word' id='word_1_41' title='bbox 932 615 983 672; x_wconf 85' lang='lat' dir='ltr'>pa-</span> 
     </span>
     <span class='ocr_line' id='line_1_7' title="bbox 185 671 983 736; baseline 0 -7"><span class='ocrx_word' id='word_1_42' title='bbox 185 692 246 730; x_wconf 87' lang='lat' dir='ltr'>cem</span> <span class='ocrx_word' id='word_1_43' title='bbox 256 682 432 736; x_wconf 85' lang='lat' dir='ltr'>conventam,</span> <span class='ocrx_word' id='word_1_44' title='bbox 448 671 549 734; x_wconf 81' lang='lat' dir='ltr'>frustra</span> <span class='ocrx_word' id='word_1_45' title='bbox 559 671 657 730; x_wconf 85' lang='lat' dir='ltr'>luisse.</span> <span class='ocrx_word' id='word_1_46' title='bbox 687 671 814 730; x_wconf 81' lang='lat' dir='ltr'>Ceterum</span> <span class='ocrx_word' id='word_1_47' title='bbox 823 673 949 729; x_wconf 84' lang='lat' dir='ltr'>Bocchus</span> <span class='ocrx_word' id='word_1_48' title='bbox 959 676 983 729; x_wconf 92' lang='lat' dir='ltr'>si</span> 
     </span>
     <span class='ocr_line' id='line_1_8' title="bbox 184 748 985 822; baseline 0 -16"><span class='ocrx_word' id='word_1_49' title='bbox 184 749 319 812; x_wconf 83' lang='lat' dir='ltr'>ambobus</span> <span class='ocrx_word' id='word_1_50' title='bbox 337 748 493 806; x_wconf 87' lang='lat' dir='ltr'>consultum</span> <span class='ocrx_word' id='word_1_51' title='bbox 512 761 539 805; x_wconf 87' lang='lat' dir='ltr'>et</span> <span class='ocrx_word' id='word_1_52' title='bbox 557 757 643 805; x_wconf 87' lang='lat' dir='ltr'>ratum</span> <span class='ocrx_word' id='word_1_53' title='bbox 661 764 757 822; x_wconf 80' lang='lat' dir='ltr'>pacem</span> <span class='ocrx_word' id='word_1_54' title='bbox 777 749 873 813; x_wconf 88' lang='lat' dir='ltr'>vellet,</span> <span class='ocrx_word' id='word_1_55' title='bbox 904 749 985 806; x_wconf 85' lang='lat' dir='ltr'>daret</span> 
     </span>
     <span class='ocr_line' id='line_1_9' title="bbox 184 823 986 900; baseline 0.001 -19"><span class='ocrx_word' id='word_1_56' title='bbox 184 842 309 900; x_wconf 82' lang='lat' dir='ltr'>operam,</span> <span class='ocrx_word' id='word_1_57' title='bbox 322 832 351 882; x_wconf 89' lang='lat' dir='ltr'>ut</span> <span class='ocrx_word' id='word_1_58' title='bbox 362 840 417 882; x_wconf 90' lang='lat' dir='ltr'>una</span> <span class='ocrx_word' id='word_1_59' title='bbox 427 824 462 882; x_wconf 85' lang='lat' dir='ltr'>ab</span> <span class='ocrx_word' id='word_1_60' title='bbox 472 825 615 890; x_wconf 88' lang='lat' dir='ltr'>omnibns,</span> <span class='ocrx_word' id='word_1_61' title='bbox 627 824 707 898; x_wconf 87' lang='lat' dir='ltr'>quasi</span> <span class='ocrx_word' id='word_1_62' title='bbox 718 823 753 879; x_wconf 90' lang='lat' dir='ltr'>de</span> <span class='ocrx_word' id='word_1_63' title='bbox 762 841 844 897; x_wconf 87' lang='lat' dir='ltr'>paee,</span> <span class='ocrx_word' id='word_1_64' title='bbox 857 825 886 881; x_wconf 93' lang='lat' dir='ltr'>in</span> <span class='ocrx_word' id='word_1_65' title='bbox 897 826 986 882; x_wconf 91' lang='lat' dir='ltr'>collo-</span> 
     </span>
     <span class='ocr_line' id='line_1_10' title="bbox 186 899 986 974; baseline -0.004 -15"><span class='ocrx_word' id='word_1_66' title='bbox 186 902 283 974; x_wconf 81' lang='lat' dir='ltr'>quium</span> <span class='ocrx_word' id='word_1_67' title='bbox 295 899 449 970; x_wconf 58' lang='lat' dir='ltr'>reuinctum</span> <span class='ocrx_word' id='word_1_68' title='bbox 463 899 560 973; x_wconf 92' lang='lat' dir='ltr'>ibique</span> <span class='ocrx_word' id='word_1_69' title='bbox 569 899 738 958; x_wconf 85' lang='lat' dir='ltr'>sibiSullam</span> <span class='ocrx_word' id='word_1_70' title='bbox 749 899 880 970; x_wconf 74' lang='lat' dir='ltr'>traderet,</span> <span class='ocrx_word' id='word_1_71' title='bbox 895 918 986 973; x_wconf 89' lang='lat' dir='ltr'>quum</span> 
     </span>
     <span class='ocr_line' id='line_1_11' title="bbox 185 975 986 1052; baseline 0 -20"><span class='ocrx_word' id='word_1_72' title='bbox 185 977 266 1032; x_wconf 85' lang='lat' dir='ltr'>talem</span> <span class='ocrx_word' id='word_1_73' title='bbox 277 976 368 1030; x_wconf 87' lang='lat' dir='ltr'>virum</span> <span class='ocrx_word' id='word_1_74' title='bbox 379 976 408 1034; x_wconf 86' lang='lat' dir='ltr'>iu</span> <span class='ocrx_word' id='word_1_75' title='bbox 418 984 579 1052; x_wconf 84' lang='lat' dir='ltr'>potestatem</span> <span class='ocrx_word' id='word_1_76' title='bbox 594 976 751 1040; x_wconf 81' lang='lat' dir='ltr'>habuisset,</span> <span class='ocrx_word' id='word_1_77' title='bbox 775 984 833 1032; x_wconf 88' lang='lat' dir='ltr'>tum</span> <span class='ocrx_word' id='word_1_78' title='bbox 849 975 919 1042; x_wconf 90' lang='lat' dir='ltr'>lore,</span> <span class='ocrx_word' id='word_1_79' title='bbox 942 979 986 1032; x_wconf 88' lang='lat' dir='ltr'>uti</span> 
     </span>
     <span class='ocr_line' id='line_1_12' title="bbox 184 1050 983 1128; baseline 0 -20"><span class='ocrx_word' id='word_1_80' title='bbox 184 1053 263 1114; x_wconf 88' lang='lat' dir='ltr'>iussu</span> <span class='ocrx_word' id='word_1_81' title='bbox 283 1050 400 1109; x_wconf 84' lang='lat' dir='ltr'>Senatus</span> <span class='ocrx_word' id='word_1_82' title='bbox 420 1059 502 1128; x_wconf 79' lang='lat' dir='ltr'>atquc</span> <span class='ocrx_word' id='word_1_83' title='bbox 520 1052 617 1128; x_wconf 88' lang='lat' dir='ltr'>populi</span> <span class='ocrx_word' id='word_1_84' title='bbox 636 1052 751 1108; x_wconf 86' lang='lat' dir='ltr'>Romani</span> <span class='ocrx_word' id='word_1_85' title='bbox 771 1050 868 1107; x_wconf 83' lang='lat' dir='ltr'>foedus</span> <span class='ocrx_word' id='word_1_86' title='bbox 890 1051 983 1108; x_wconf 83' lang='lat' dir='ltr'>lieret:</span> 
     </span>
     <span class='ocr_line' id='line_1_13' title="bbox 184 1125 986 1202; baseline -0.001 -18"><span class='ocrx_word' id='word_1_87' title='bbox 184 1144 273 1202; x_wconf 77' lang='lat' dir='ltr'>noque</span> <span class='ocrx_word' id='word_1_88' title='bbox 286 1125 429 1186; x_wconf 78' lang='lat' dir='ltr'>bominem</span> <span class='ocrx_word' id='word_1_89' title='bbox 443 1127 578 1190; x_wconf 87' lang='lat' dir='ltr'>nobilem,</span> <span class='ocrx_word' id='word_1_90' title='bbox 600 1145 654 1182; x_wconf 91' lang='lat' dir='ltr'>non</span> <span class='ocrx_word' id='word_1_91' title='bbox 669 1145 719 1186; x_wconf 87' lang='lat' dir='ltr'>sua</span> <span class='ocrx_word' id='word_1_92' title='bbox 734 1128 860 1202; x_wconf 82' lang='lat' dir='ltr'>ignavia,</span> <span class='ocrx_word' id='word_1_93' title='bbox 882 1127 933 1184; x_wconf 89' lang='lat' dir='ltr'>sed</span> <span class='ocrx_word' id='word_1_94' title='bbox 948 1129 986 1183; x_wconf 91' lang='lat' dir='ltr'>ob</span> 
     </span>
     <span class='ocr_line' id='line_1_14' title="bbox 183 1201 935 1334; baseline -0.001 -75"><span class='ocrx_word' id='word_1_95' title='bbox 183 1202 407 1334; x_wconf 52' lang='lat' dir='ltr'>rempublicam,</span> <span class='ocrx_word' id='word_1_96' title='bbox 418 1202 448 1259; x_wconf 87' lang='lat' dir='ltr'>in</span> <span class='ocrx_word' id='word_1_97' title='bbox 457 1201 578 1260; x_wconf 81' lang='lat' dir='ltr'>hostium</span> <span class='ocrx_word' id='word_1_98' title='bbox 589 1210 735 1276; x_wconf 85' lang='lat' dir='ltr'>potestate,</span> <span class='ocrx_word' id='word_1_99' title='bbox 752 1202 878 1259; x_wconf 86' lang='lat' dir='ltr'>relictum</span> <span class='ocrx_word' id='word_1_100' title='bbox 889 1204 935 1260; x_wconf 85' lang='lat' dir='ltr'>iri.</span> 
     </span>
     <span class='ocr_line' id='line_1_15' title="bbox 262 1276 986 1351; baseline 0 -15"><span class='ocrx_word' id='word_1_101' title='bbox 262 1277 334 1337; x_wconf 78' lang='lat' dir='ltr'>xlii.</span> <span class='ocrx_word' id='word_1_102' title='bbox 344 1277 418 1340; x_wconf 79' lang='lat' dir='ltr'>liaeo</span> <span class='ocrx_word' id='word_1_103' title='bbox 427 1279 539 1336; x_wconf 83' lang='lat' dir='ltr'>Maurus</span> <span class='ocrx_word' id='word_1_104' title='bbox 550 1295 643 1333; x_wconf 91' lang='lat' dir='ltr'>secum</span> <span class='ocrx_word' id='word_1_105' title='bbox 653 1279 714 1351; x_wconf 89' lang='lat' dir='ltr'>ipse</span> <span class='ocrx_word' id='word_1_106' title='bbox 725 1276 774 1333; x_wconf 92' lang='lat' dir='ltr'>diu</span> <span class='ocrx_word' id='word_1_107' title='bbox 784 1279 909 1345; x_wconf 85' lang='lat' dir='ltr'>volvens,</span> <span class='ocrx_word' id='word_1_108' title='bbox 922 1289 986 1336; x_wconf 88' lang='lat' dir='ltr'>tan-</span> 
     </span>
    </p>
   </div>
   <div class='ocr_carea' id='block_1_3' title="bbox 182 1352 1036 1559">
    <p class='ocr_par' dir='ltr' id='par_1_3' title="bbox 182 1352 1036 1559">
     <span class='ocr_line' id='line_1_16' title="bbox 183 1352 1036 1432; baseline -0.001 -22"><span class='ocrx_word' id='word_1_109' title='bbox 183 1352 398 1426; x_wconf 66' lang='lat' dir='ltr'>cemorensis,</span> <span class='ocrx_word' id='word_1_110' title='bbox 410 1353 616 1418; x_wconf 86' lang='lat' dir='ltr'>ceterumdolo‚</span> <span class='ocrx_word' id='word_1_111' title='bbox 627 1371 660 1408; x_wconf 91' lang='lat' dir='ltr'>nn</span> <span class='ocrx_word' id='word_1_112' title='bbox 671 1371 750 1420; x_wconf 89' lang='lat' dir='ltr'>vere,</span> <span class='ocrx_word' id='word_1_113' title='bbox 763 1364 920 1420; x_wconf 86' lang='lat' dir='ltr'>cunctatus,</span> <span class='ocrx_word' id='word_1_114' title='bbox 933 1373 986 1432; x_wconf 87' lang='lat' dir='ltr'>pn·</span> <span class='ocrx_word' id='word_1_115' title='bbox 1035 1381 1036 1430; x_wconf 46' lang='lat' dir='ltr'>p</span> 
     </span>
     <span class='ocr_line' id='line_1_17' title="bbox 182 1427 1036 1559; baseline 0.002 -74"><span class='ocrx_word' id='word_1_116' title='bbox 182 1447 244 1490; x_wconf 86' lang='lat' dir='ltr'>rum</span> <span class='ocrx_word' id='word_1_117' title='bbox 256 1428 450 1501; x_wconf 83' lang='lat' dir='ltr'>comperimus.</span> <span class='ocrx_word' id='word_1_118' title='bbox 470 1427 525 1484; x_wconf 90' lang='lat' dir='ltr'>Sed</span> <span class='ocrx_word' id='word_1_119' title='bbox 533 1428 700 1559; x_wconf 78' lang='lat' dir='ltr'>plerumque</span> <span class='ocrx_word' id='word_1_120' title='bbox 713 1431 805 1503; x_wconf 81' lang='lat' dir='ltr'>regiae</span> <span class='ocrx_word' id='word_1_121' title='bbox 815 1431 983 1498; x_wconf 88' lang='lat' dir='ltr'>voluntates,</span> <span class='ocrx_word' id='word_1_122' title='bbox 1035 1489 1036 1498; x_wconf 48' lang='lat'>,</span> 
     </span>
    </p>
   </div>
   <div class='ocr_carea' id='block_1_4' title="bbox 183 1504 985 1656">
    <p class='ocr_par' dir='ltr' id='par_1_4' title="bbox 183 1504 985 1656">
     <span class='ocr_line' id='line_1_18' title="bbox 184 1504 984 1578; baseline 0 -16"><span class='ocrx_word' id='word_1_123' title='bbox 184 1514 213 1562; x_wconf 92' lang='lat' dir='ltr'>ut</span> <span class='ocrx_word' id='word_1_124' title='bbox 222 1505 414 1569; x_wconf 86' lang='lat' dir='ltr'>vehementes,</span> <span class='ocrx_word' id='word_1_125' title='bbox 436 1504 477 1562; x_wconf 87' lang='lat' dir='ltr'>sic</span> <span class='ocrx_word' id='word_1_126' title='bbox 487 1521 531 1564; x_wconf 89' lang='lat' dir='ltr'>mo</span> <span class='ocrx_word' id='word_1_127' title='bbox 553 1504 618 1569; x_wconf 89' lang='lat' dir='ltr'>iles,</span> <span class='ocrx_word' id='word_1_128' title='bbox 636 1521 718 1578; x_wconf 85' lang='lat' dir='ltr'>saepe</span> <span class='ocrx_word' id='word_1_129' title='bbox 727 1506 805 1578; x_wconf 87' lang='lat' dir='ltr'>ipsae</span> <span class='ocrx_word' id='word_1_130' title='bbox 815 1505 871 1561; x_wconf 90' lang='lat' dir='ltr'>sibi</span> <span class='ocrx_word' id='word_1_131' title='bbox 882 1505 984 1563; x_wconf 84' lang='lat' dir='ltr'>adver-</span> 
     </span>
     <span class='ocr_line' id='line_1_19' title="bbox 183 1579 985 1656; baseline 0.002 -20"><span class='ocrx_word' id='word_1_132' title='bbox 183 1598 239 1640; x_wconf 86' lang='lat' dir='ltr'>sae.</span> <span class='ocrx_word' id='word_1_133' title='bbox 269 1582 380 1645; x_wconf 86' lang='lat' dir='ltr'>Postea,</span> <span class='ocrx_word' id='word_1_134' title='bbox 393 1587 515 1653; x_wconf 85' lang='lat' dir='ltr'>tempore</span> <span class='ocrx_word' id='word_1_135' title='bbox 526 1586 553 1634; x_wconf 87' lang='lat' dir='ltr'>et</span> <span class='ocrx_word' id='word_1_136' title='bbox 562 1579 622 1636; x_wconf 94' lang='lat' dir='ltr'>loco</span> <span class='ocrx_word' id='word_1_137' title='bbox 631 1581 791 1647; x_wconf 86' lang='lat' dir='ltr'>constituto,</span> <span class='ocrx_word' id='word_1_138' title='bbox 806 1582 835 1636; x_wconf 91' lang='lat' dir='ltr'>iu</span> <span class='ocrx_word' id='word_1_139' title='bbox 845 1582 985 1656; x_wconf 87' lang='lat' dir='ltr'>colloqui-</span> 
     </span>
    </p>
   </div>
   <div class='ocr_carea' id='block_1_5' title="bbox 183 1656 1035 1729">
    <p class='ocr_par' dir='ltr' id='par_1_5' title="bbox 183 1656 1035 1729">
     <span class='ocr_line' id='line_1_20' title="bbox 183 1656 1035 1729; baseline 0.005 -17"><span class='ocrx_word' id='word_1_140' title='bbox 183 1675 230 1719; x_wconf 86' lang='lat' dir='ltr'>um</span> <span class='ocrx_word' id='word_1_141' title='bbox 250 1657 291 1718; x_wconf 86' lang='lat' dir='ltr'>uti</span> <span class='ocrx_word' id='word_1_142' title='bbox 306 1656 341 1711; x_wconf 90' lang='lat' dir='ltr'>de</span> <span class='ocrx_word' id='word_1_143' title='bbox 355 1673 424 1729; x_wconf 89' lang='lat' dir='ltr'>pace</span> <span class='ocrx_word' id='word_1_144' title='bbox 443 1657 597 1720; x_wconf 83' lang='lat' dir='ltr'>ueniretur,</span> <span class='ocrx_word' id='word_1_145' title='bbox 620 1656 745 1712; x_wconf 87' lang='lat' dir='ltr'>Bocchus</span> <span class='ocrx_word' id='word_1_146' title='bbox 764 1656 871 1714; x_wconf 84' lang='lat' dir='ltr'>Sullam</span> <span class='ocrx_word' id='word_1_147' title='bbox 890 1661 983 1724; x_wconf 90' lang='lat' dir='ltr'>modo,</span> <span class='ocrx_word' id='word_1_148' title='bbox 1034 1699 1035 1702; x_wconf 17' lang='grc' dir='ltr'>η</span> 
     </span>
    </p>
   </div>
   <div class='ocr_carea' id='block_1_6' title="bbox 182 1731 983 1883">
    <p class='ocr_par' dir='ltr' id='par_1_6' title="bbox 182 1731 983 1883">
     <span class='ocr_line' id='line_1_21' title="bbox 182 1731 983 1808; baseline 0.002 -20"><span class='ocrx_word' id='word_1_149' title='bbox 182 1731 264 1794; x_wconf 90' lang='lat' dir='ltr'>modo</span> <span class='ocrx_word' id='word_1_150' title='bbox 274 1733 304 1794; x_wconf 88' lang='lat' dir='ltr'>lu</span> <span class='ocrx_word' id='word_1_151' title='bbox 326 1731 422 1790; x_wconf 84' lang='lat' dir='ltr'>urlhae</span> <span class='ocrx_word' id='word_1_152' title='bbox 436 1731 557 1808; x_wconf 77' lang='lat' dir='ltr'>legatum</span> <span class='ocrx_word' id='word_1_153' title='bbox 567 1734 720 1806; x_wconf 88' lang='lat' dir='ltr'>appellare,</span> <span class='ocrx_word' id='word_1_154' title='bbox 736 1732 856 1808; x_wconf 81' lang='lat' dir='ltr'>benigne</span> <span class='ocrx_word' id='word_1_155' title='bbox 868 1734 983 1801; x_wconf 85' lang='lat' dir='ltr'>habere,</span> 
     </span>
     <span class='ocr_line' id='line_1_22' title="bbox 182 1806 983 1883; baseline 0.005 -21"><span class='ocrx_word' id='word_1_156' title='bbox 182 1809 257 1868; x_wconf 89' lang='lat' dir='ltr'>idem</span> <span class='ocrx_word' id='word_1_157' title='bbox 272 1825 316 1864; x_wconf 84' lang='lat' dir='ltr'>cm</span> <span class='ocrx_word' id='word_1_158' title='bbox 353 1806 407 1866; x_wconf 90' lang='lat' dir='ltr'>bus</span> <span class='ocrx_word' id='word_1_159' title='bbox 420 1807 559 1880; x_wconf 86' lang='lat' dir='ltr'>polliceri.</span> <span class='ocrx_word' id='word_1_160' title='bbox 598 1808 643 1864; x_wconf 92' lang='lat' dir='ltr'>llli</span> <span class='ocrx_word' id='word_1_161' title='bbox 656 1810 759 1882; x_wconf 86' lang='lat' dir='ltr'>pariter</span> <span class='ocrx_word' id='word_1_162' title='bbox 775 1807 853 1876; x_wconf 88' lang='lat' dir='ltr'>laeti,</span> <span class='ocrx_word' id='word_1_163' title='bbox 874 1827 906 1866; x_wconf 92' lang='lat' dir='ltr'>ac</span> <span class='ocrx_word' id='word_1_164' title='bbox 921 1813 983 1883; x_wconf 91' lang='lat' dir='ltr'>spei</span> 
     </span>
    </p>
   </div>
   <div class='ocr_carea' id='block_1_7' title="bbox 181 1883 1034 1960">
    <p class='ocr_par' dir='ltr' id='par_1_7' title="bbox 181 1883 1034 1960">
     <span class='ocr_line' id='line_1_23' title="bbox 181 1883 1034 1960; baseline 0.004 -20"><span class='ocrx_word' id='word_1_165' title='bbox 181 1883 268 1940; x_wconf 89' lang='lat' dir='ltr'>bonae</span> <span class='ocrx_word' id='word_1_166' title='bbox 279 1883 356 1960; x_wconf 88' lang='lat' dir='ltr'>plcni</span> <span class='ocrx_word' id='word_1_167' title='bbox 368 1900 438 1940; x_wconf 88' lang='lat' dir='ltr'>esse.</span> <span class='ocrx_word' id='word_1_168' title='bbox 478 1885 534 1940; x_wconf 79' lang='lat' dir='ltr'>Seu</span> <span class='ocrx_word' id='word_1_169' title='bbox 547 1891 626 1940; x_wconf 89' lang='lat' dir='ltr'>nocte</span> <span class='ocrx_word' id='word_1_170' title='bbox 636 1901 682 1950; x_wconf 86' lang='lat' dir='ltr'>ea,</span> <span class='ocrx_word' id='word_1_171' title='bbox 703 1901 774 1957; x_wconf 86' lang='lat' dir='ltr'>quae</span> <span class='ocrx_word' id='word_1_172' title='bbox 783 1901 919 1957; x_wconf 86' lang='lat' dir='ltr'>proxuma</span> <span class='ocrx_word' id='word_1_173' title='bbox 931 1886 986 1943; x_wconf 85' lang='lat' dir='ltr'>iuit</span> <span class='ocrx_word' id='word_1_174' title='bbox 1033 1911 1034 1930; x_wconf 57' lang='lat' dir='ltr'>i</span> 
     </span>
    </p>
   </div>
   <div class='ocr_carea' id='block_1_8' title="bbox 182 1957 983 2186">
    <p class='ocr_par' dir='ltr' id='par_1_8' title="bbox 182 1957 983 2186">
     <span class='ocr_line' id='line_1_24' title="bbox 182 1957 982 2031; baseline 0.001 -15"><span class='ocrx_word' id='word_1_175' title='bbox 182 1969 243 2016; x_wconf 88' lang='lat' dir='ltr'>ante</span> <span class='ocrx_word' id='word_1_176' title='bbox 263 1959 339 2016; x_wconf 90' lang='lat' dir='ltr'>diem</span> <span class='ocrx_word' id='word_1_177' title='bbox 358 1957 496 2031; x_wconf 85' lang='lat' dir='ltr'>colloquio</span> <span class='ocrx_word' id='word_1_178' title='bbox 516 1958 670 2024; x_wconf 84' lang='lat' dir='ltr'>decretum,</span> <span class='ocrx_word' id='word_1_179' title='bbox 694 1959 820 2025; x_wconf 83' lang='lat' dir='ltr'>Maurus,</span> <span class='ocrx_word' id='word_1_180' title='bbox 847 1959 982 2017; x_wconf 84' lang='lat' dir='ltr'>adhibitis</span> 
     </span>
     <span class='ocr_line' id='line_1_25' title="bbox 182 2034 983 2102; baseline 0.002 -10"><span class='ocrx_word' id='word_1_181' title='bbox 182 2036 293 2098; x_wconf 83' lang='lat' dir='ltr'>amicis,</span> <span class='ocrx_word' id='word_1_182' title='bbox 305 2051 337 2092; x_wconf 85' lang='lat' dir='ltr'>ac</span> <span class='ocrx_word' id='word_1_183' title='bbox 347 2034 454 2102; x_wconf 84' lang='lat' dir='ltr'>statim,</span> <span class='ocrx_word' id='word_1_184' title='bbox 466 2035 609 2093; x_wconf 88' lang='lat' dir='ltr'>immutata</span> <span class='ocrx_word' id='word_1_185' title='bbox 619 2035 774 2101; x_wconf 83' lang='lat' dir='ltr'>voluntate,</span> <span class='ocrx_word' id='word_1_186' title='bbox 785 2039 897 2092; x_wconf 84' lang='lat' dir='ltr'>remotis</span> <span class='ocrx_word' id='word_1_187' title='bbox 908 2047 983 2094; x_wconf 86' lang='lat' dir='ltr'>cete-</span> 
     </span>
     <span class='ocr_line' id='line_1_26' title="bbox 183 2109 982 2186; baseline 0.001 -18"><span class='ocrx_word' id='word_1_188' title='bbox 183 2113 236 2177; x_wconf 88' lang='lat' dir='ltr'>ris,</span> <span class='ocrx_word' id='word_1_189' title='bbox 254 2110 358 2168; x_wconf 89' lang='lat' dir='ltr'>dicitur</span> <span class='ocrx_word' id='word_1_190' title='bbox 367 2126 461 2169; x_wconf 87' lang='lat' dir='ltr'>secum</span> <span class='ocrx_word' id='word_1_191' title='bbox 473 2109 534 2186; x_wconf 89' lang='lat' dir='ltr'>ipsc</span> <span class='ocrx_word' id='word_1_192' title='bbox 545 2110 631 2170; x_wconf 86' lang='lat' dir='ltr'>multa</span> <span class='ocrx_word' id='word_1_193' title='bbox 641 2111 803 2186; x_wconf 81' lang='lat' dir='ltr'>agitavisse,</span> <span class='ocrx_word' id='word_1_194' title='bbox 823 2112 918 2179; x_wconf 89' lang='lat' dir='ltr'>vultu,</span> <span class='ocrx_word' id='word_1_195' title='bbox 936 2131 982 2169; x_wconf 90' lang='lat' dir='ltr'>co·</span> 
     </span>
    </p>
   </div>
   <div class='ocr_carea' id='block_1_9' title="bbox 182 2186 1032 2276">
    <p class='ocr_par' dir='ltr' id='par_1_9' title="bbox 182 2186 1032 2276">
     <span class='ocr_line' id='line_1_27' title="bbox 182 2186 1032 2276; baseline 0.004 -34"><span class='ocrx_word' id='word_1_196' title='bbox 182 2187 239 2244; x_wconf 89' lang='lat' dir='ltr'>lora</span> <span class='ocrx_word' id='word_1_197' title='bbox 255 2203 287 2248; x_wconf 88' lang='lat' dir='ltr'>ac</span> <span class='ocrx_word' id='word_1_198' title='bbox 301 2193 377 2243; x_wconf 87' lang='lat' dir='ltr'>motu</span> <span class='ocrx_word' id='word_1_199' title='bbox 395 2186 517 2259; x_wconf 84' lang='lat' dir='ltr'>eorporis</span> <span class='ocrx_word' id='word_1_200' title='bbox 533 2186 639 2276; x_wconf 84' lang='lat' dir='ltr'>pariter</span> <span class='ocrx_word' id='word_1_201' title='bbox 658 2195 740 2260; x_wconf 86' lang='lat' dir='ltr'>atque</span> <span class='ocrx_word' id='word_1_202' title='bbox 760 2188 851 2244; x_wconf 88' lang='lat' dir='ltr'>animo</span> <span class='ocrx_word' id='word_1_203' title='bbox 871 2189 980 2245; x_wconf 87' lang='lat' dir='ltr'>varius:</span> <span class='ocrx_word' id='word_1_204' title='bbox 1031 2199 1032 2206; x_wconf 46' lang='lat'>³</span> 
     </span>
    </p>
   </div>
   <div class='ocr_carea' id='block_1_10' title="bbox 180 2261 983 2782">
    <p class='ocr_par' dir='ltr' id='par_1_10' title="bbox 180 2261 983 2782">
     <span class='ocr_line' id='line_1_28' title="bbox 182 2261 983 2337; baseline -0.004 -14"><span class='ocrx_word' id='word_1_205' title='bbox 182 2279 253 2336; x_wconf 89' lang='lat' dir='ltr'>quae</span> <span class='ocrx_word' id='word_1_206' title='bbox 268 2261 390 2326; x_wconf 90' lang='lat' dir='ltr'>scilicet,</span> <span class='ocrx_word' id='word_1_207' title='bbox 412 2269 518 2322; x_wconf 83' lang='lat' dir='ltr'>tacente</span> <span class='ocrx_word' id='word_1_208' title='bbox 532 2279 609 2336; x_wconf 83' lang='lat' dir='ltr'>ipso,</span> <span class='ocrx_word' id='word_1_209' title='bbox 631 2263 737 2319; x_wconf 86' lang='lat' dir='ltr'>occulta</span> <span class='ocrx_word' id='word_1_210' title='bbox 747 2264 865 2337; x_wconf 87' lang='lat' dir='ltr'>pectoris</span> <span class='ocrx_word' id='word_1_211' title='bbox 876 2263 983 2336; x_wconf 85' lang='lat' dir='ltr'>patale-</span> 
     </span>
     <span class='ocr_line' id='line_1_29' title="bbox 182 2337 982 2411; baseline 0 -16"><span class='ocrx_word' id='word_1_212' title='bbox 182 2339 264 2396; x_wconf 89' lang='lat' dir='ltr'>cisse.</span> <span class='ocrx_word' id='word_1_213' title='bbox 304 2337 407 2396; x_wconf 84' lang='lat' dir='ltr'>Tamen</span> <span class='ocrx_word' id='word_1_214' title='bbox 421 2345 560 2411; x_wconf 87' lang='lat' dir='ltr'>postremo</span> <span class='ocrx_word' id='word_1_215' title='bbox 574 2337 681 2395; x_wconf 85' lang='lat' dir='ltr'>Sullam</span> <span class='ocrx_word' id='word_1_216' title='bbox 695 2338 821 2395; x_wconf 85' lang='lat' dir='ltr'>accersiri</span> <span class='ocrx_word' id='word_1_217' title='bbox 838 2338 930 2406; x_wconf 89' lang='lat' dir='ltr'>iubet,</span> <span class='ocrx_word' id='word_1_218' title='bbox 956 2350 982 2395; x_wconf 88' lang='lat' dir='ltr'>et</span> 
     </span>
     <span class='ocr_line' id='line_1_30' title="bbox 181 2413 980 2480; baseline 0.003 -10"><span class='ocrx_word' id='word_1_219' title='bbox 181 2432 216 2470; x_wconf 83' lang='lat' dir='ltr'>ex</span> <span class='ocrx_word' id='word_1_220' title='bbox 234 2415 295 2472; x_wconf 88' lang='lat' dir='ltr'>eins</span> <span class='ocrx_word' id='word_1_221' title='bbox 310 2413 446 2469; x_wconf 88' lang='lat' dir='ltr'>ententia</span> <span class='ocrx_word' id='word_1_222' title='bbox 454 2413 591 2469; x_wconf 87' lang='lat' dir='ltr'>Numidae</span> <span class='ocrx_word' id='word_1_223' title='bbox 602 2413 718 2471; x_wconf 89' lang='lat' dir='ltr'>insidias</span> <span class='ocrx_word' id='word_1_224' title='bbox 728 2413 826 2471; x_wconf 83' lang='lat' dir='ltr'>tendit.</span> <span class='ocrx_word' id='word_1_225' title='bbox 865 2415 980 2480; x_wconf 84' lang='lat' dir='ltr'>Deinde,</span> 
     </span>
     <span class='ocr_line' id='line_1_31' title="bbox 181 2487 981 2556; baseline -0.001 -10"><span class='ocrx_word' id='word_1_226' title='bbox 181 2490 232 2546; x_wconf 90' lang='lat' dir='ltr'>ubi</span> <span class='ocrx_word' id='word_1_227' title='bbox 243 2487 304 2546; x_wconf 90' lang='lat' dir='ltr'>dies</span> <span class='ocrx_word' id='word_1_228' title='bbox 315 2488 428 2546; x_wconf 86' lang='lat' dir='ltr'>advenit</span> <span class='ocrx_word' id='word_1_229' title='bbox 436 2495 463 2546; x_wconf 88' lang='lat' dir='ltr'>et</span> <span class='ocrx_word' id='word_1_230' title='bbox 472 2489 498 2546; x_wconf 91' lang='lat' dir='ltr'>ei</span> <span class='ocrx_word' id='word_1_231' title='bbox 509 2490 671 2546; x_wconf 86' lang='lat' dir='ltr'>nunciatum</span> <span class='ocrx_word' id='word_1_232' title='bbox 681 2491 769 2556; x_wconf 89' lang='lat' dir='ltr'>est,lu</span> <span class='ocrx_word' id='word_1_233' title='bbox 790 2489 981 2548; x_wconf 83' lang='lat' dir='ltr'>urthamhaud</span> 
     </span>
     <span class='ocr_line' id='line_1_32' title="bbox 180 2507 790 2640; baseline -0.005 -17"><span class='ocrx_word' id='word_1_234' title='bbox 180 2566 277 2640; x_wconf 90' lang='lat' dir='ltr'>procul</span> <span class='ocrx_word' id='word_1_235' title='bbox 293 2563 404 2633; x_wconf 76' lang='lat' dir='ltr'>abesse,</span> <span class='ocrx_word' id='word_1_236' title='bbox 426 2582 489 2622; x_wconf 90' lang='lat' dir='ltr'>cum</span> <span class='ocrx_word' id='word_1_237' title='bbox 503 2565 600 2640; x_wconf 84' lang='lat' dir='ltr'>paucis</span> <span class='ocrx_word' id='word_1_238' title='bbox 616 2565 713 2621; x_wconf 87' lang='lat' dir='ltr'>amicis</span> <span class='ocrx_word' id='word_1_239' title='bbox 727 2507 790 2633; x_wconf 57' lang='lat' dir='ltr'>aig</span> 
     </span>
     <span class='ocr_line' id='line_1_33' title="bbox 181 2639 982 2713; baseline 0.004 -18"><span class='ocrx_word' id='word_1_240' title='bbox 181 2651 251 2707; x_wconf 86' lang='lat' dir='ltr'>stro,</span> <span class='ocrx_word' id='word_1_241' title='bbox 263 2639 343 2713; x_wconf 87' lang='lat' dir='ltr'>quasi</span> <span class='ocrx_word' id='word_1_242' title='bbox 355 2639 455 2698; x_wconf 87' lang='lat' dir='ltr'>obvius</span> <span class='ocrx_word' id='word_1_243' title='bbox 466 2641 578 2696; x_wconf 88' lang='lat' dir='ltr'>honoris</span> <span class='ocrx_word' id='word_1_244' title='bbox 588 2658 698 2707; x_wconf 84' lang='lat' dir='ltr'>caussa,</span> <span class='ocrx_word' id='word_1_245' title='bbox 712 2642 836 2713; x_wconf 89' lang='lat' dir='ltr'>procedit</span> <span class='ocrx_word' id='word_1_246' title='bbox 846 2643 876 2696; x_wconf 94' lang='lat' dir='ltr'>in</span> <span class='ocrx_word' id='word_1_247' title='bbox 886 2651 982 2698; x_wconf 89' lang='lat' dir='ltr'>tumu-</span> 
     </span>
     <span class='ocr_line' id='line_1_34' title="bbox 180 2714 981 2782; baseline 0.001 -10"><span class='ocrx_word' id='word_1_248' title='bbox 180 2717 253 2782; x_wconf 88' lang='lat' dir='ltr'>lum,</span> <span class='ocrx_word' id='word_1_249' title='bbox 279 2714 452 2772; x_wconf 81' lang='lat' dir='ltr'>facillumum</span> <span class='ocrx_word' id='word_1_250' title='bbox 472 2717 535 2771; x_wconf 88' lang='lat' dir='ltr'>visu</span> <span class='ocrx_word' id='word_1_251' title='bbox 555 2716 763 2772; x_wconf 87' lang='lat' dir='ltr'>insidiantibus.</span> <span class='ocrx_word' id='word_1_252' title='bbox 804 2715 906 2772; x_wconf 89' lang='lat' dir='ltr'>Eodem</span> <span class='ocrx_word' id='word_1_253' title='bbox 921 2719 981 2774; x_wconf 93' lang='lat' dir='ltr'>Nu-</span> 
     </span>
    </p>
   </div>
   <div class='ocr_carea' id='block_1_11' title="bbox 792 2573 1030 2623">
    <p class='ocr_par' dir='ltr' id='par_1_11' title="bbox 792 2573 1030 2623">
     <span class='ocr_line' id='line_1_35' title="bbox 792 2573 1030 2623; baseline 0.004 -1"><span class='ocrx_word' id='word_1_254' title='bbox 792 2573 916 2622; x_wconf 86' lang='lat' dir='ltr'>uaeslore</span> <span class='ocrx_word' id='word_1_255' title='bbox 932 2585 983 2623; x_wconf 91' lang='lat' dir='ltr'>no-</span> <span class='ocrx_word' id='word_1_256' title='bbox 1028 2585 1030 2614; x_wconf 62' lang='lat'><em>2</em></span> 
     </span>
    </p>
   </div>
   <div class='ocr_carea' id='block_1_12' title="bbox 0 0 1048 3042">
    <p class='ocr_par' dir='ltr' id='par_1_12' title="bbox 0 0 1048 3042">
     <span class='ocr_line' id='line_1_36' title="bbox 0 0 1048 3042; baseline 0 1"><span class='ocrx_word' id='word_1_257' title='bbox 0 0 1048 3042; x_wconf 95' lang='lat' dir='ltr'> </span> 
     </span>
    </p>
   </div>
   <div class='ocr_carea' id='block_1_13' title="bbox 1026 2815 1029 3009">
    <p class='ocr_par' dir='ltr' id='par_1_13' title="bbox 1026 2815 1029 3009">
     <span class='ocr_line' id='line_1_37' title="bbox 1026 2815 1029 3009; baseline 0 0"><span class='ocrx_word' id='word_1_258' title='bbox 1026 2815 1029 3009; x_wconf 90' lang='lat' dir='ltr'>l</span> 
     </span>
    </p>
   </div>
  </div>
 </body>
</html>
