2070 3036
227 215 516 264 IUGURTHINUM.
538 217 617 266 CAP.
638 217 744 268 tt-tt.
839 217 887 273 ΗΒ

76 318 151 374 bilis
162 316 225 381 luit.
241 317 347 374 familia
356 335 441 392 prope
451 320 506 375 iem
518 321 652 380 exstincta
662 323 798 380 maiorum
807 325 887 399 igna-

78 396 144 460 via3
166 393 254 450 literis
269 393 382 450 Graecis
401 404 482 468 atquo
499 397 604 452 Latinis
622 399 699 453 iuxta
719 398 887 457 doctissume

77 468 226 533 eruditus,
247 471 339 526 animo
352 471 474 546 ingenti,
496 472 815 545 cupidusveluptatum,
837 476 886 532 sed

76 545 188 620 gloriae
203 546 345 618 cupidior:
366 550 422 604 otio
438 548 580 604 luxurioso
594 565 668 613 esse,
690 557 781 605 tamen
792 551 827 607 ab
838 570 887 607 na-

78 621 168 696 gotiis
186 638 339 694 numquam
358 623 486 695 voluptas
506 633 653 687 remorata.
682 624 737 678 nisi
757 626 832 697 quod
851 627 887 683 do

82 714 169 752 uxore
180 705 270 768 potuit
281 698 424 753 honestius
438 700 559 754 consuli:
583 699 733 764 facundus,
754 702 885 767 callidus,

77 784 109 829 et
118 773 241 828 amicitie
253 772 358 830 facilis:
380 774 415 829 ad
426 774 582 830 simulanda
595 777 703 848 negotiu
714 775 832 833 altitudo
842 779 887 834 in-

76 849 158 924 genii
171 848 362 904 incredibilis:
383 850 532 905 multarum
549 867 640 906 rerum
652 867 683 906 ao
694 869 823 910 maxurno
837 871 886 926 pe·

76 926 182 982 cuniae
194 924 316 998 largitor.
337 925 428 998 Atque
439 925 495 988 itti,
508 924 678 982 felicissumo
687 929 812 984 omnium
824 938 886 986 ante

76 1001 196 1057 civilem
208 1003 361 1065 victoriam,
370 1017 611 1076 numquemsuper
622 1002 787 1058 industrium
799 1005 886 1062 lurtu-

76 1096 116 1135 na
128 1076 195 1132 luit:
218 1077 355 1150 multique
366 1076 543 1142 dubitavere,
567 1078 660 1134 sortior
674 1096 708 1133 aa
725 1078 885 1138 ielteieraa·

77 1162 137 1218 set;
160 1169 223 1207 nam
235 1162 296 1226 post
307 1170 420 1225 eaquae
432 1152 540 1218 feeerit,
560 1155 696 1211 incertum
707 1156 809 1224 habeo,
830 1175 884 1232 pu-

77 1229 146 1286 deat
158 1229 246 1302 magis
257 1247 290 1284 aa
301 1230 394 1304 pigeat
405 1228 552 1284 disserere.

136 1304 232 1361 XCVl.
258 1307 345 1380 igitur
358 1303 449 1370 Sulla,
471 1309 510 1362 uti
522 1322 605 1378 supra
617 1303 722 1363 dictum
733 1315 787 1372 est.
809 1316 885 1383 post-

76 1397 167 1455 quem
181 1381 209 1435 in
220 1379 341 1437 iliricum
357 1391 440 1454 etque
454 1383 481 1438 in
496 1392 584 1438 castre
596 1385 674 1438 illarii
685 1401 749 1440 oum
760 1386 884 1456 equitatu

75 1458 174 1522 vonit,
198 1456 277 1512 rudis
292 1467 370 1514 antea
384 1469 411 1515 et
426 1461 539 1534 ignarus
560 1459 641 1524 belli,
665 1461 884 1518 sollertissumus

75 1531 207 1591 omnium
227 1535 323 1605 paucis
342 1535 552 1608 tempestatibus
573 1534 661 1590 luctus
681 1545 733 1592 est.
771 1536 814 1593 Ad
833 1537 884 1593 hoe

76 1610 186 1668 milites
201 1609 320 1684 henigne
336 1611 490 1684 appellum
512 1610 607 1665 multis
622 1611 798 1683 rogantibus.
820 1614 883 1669 aliis

74 1704 130 1760 per
145 1703 176 1739 se
192 1685 252 1757 ipse
266 1686 398 1742 benelieia
412 1686 492 1751 dare,
515 1686 620 1740 invitus
631 1687 768 1758 occipere;
791 1687 840 1744 sed
852 1707 884 1746 ea

75 1762 289 1836 properantius,
308 1779 392 1835 quam
406 1779 452 1817 aes
463 1761 605 1826 mutuum,
626 1761 755 1828 reddere,
776 1764 837 1836 ipse
848 1765 883 1821 ah

75 1838 159 1895 nullo
170 1846 306 1909 repetere:
319 1839 408 1912 magis
418 1838 447 1893 id
460 1837 593 1902 laborare,
605 1848 637 1895 ut
647 1839 688 1894 illi
699 1855 782 1912 quam
793 1841 883 1913 pluri·

77 1915 118 1970 mi
129 1913 278 1969 deberent:
289 1915 349 1971 ioea
361 1923 443 1987 atque
453 1915 594 1970 seriaoum
602 1912 776 1970 humillumis
785 1932 880 1990 agere:

76 1993 108 2047 in
119 1989 267 2062 operibus,
288 1991 316 2046 in
333 1991 443 2066 agmine
456 2000 539 2062 atque
550 1990 584 2045 ad
597 1989 708 2064 vigilias
719 1990 823 2047 multus
833 1992 883 2047 ad·

77 2083 155 2124 esso:
169 2082 260 2139 neque
270 2067 395 2130 interim,
408 2067 483 2140 quod
494 2083 579 2138 prava
590 2066 705 2121 emhitio
714 2067 798 2132 solet,
811 2068 897 2124 Cun·.

77 2143 151 2200 solis
170 2152 218 2198 aut
237 2143 402 2216 cuiusquam
418 2143 483 2198 honi
500 2142 600 2198 lamam
615 2141 736 2197 laedere:
761 2151 883 2199 tantum·

77 2217 162 2274 modo
173 2219 384 2290 nequeconsilio
394 2217 665 2292 nequemanualium
676 2219 796 2290 priorem
807 2222 879 2291 pati;

77 2295 229 2368 plerusque
244 2296 414 2350 antevenire.
453 2294 522 2362 Quls
539 2293 623 2349 rebus
639 2302 666 2350 et
680 2293 786 2350 artibus
803 2295 881 2352 brevi

77 2372 166 2428 Mario
176 2370 370 2442 militibusque
381 2371 552 2426 carissumus
564 2369 662 2425 laetus.

136 2445 243 2503 xcvii.
258 2446 293 2502 lt
302 2445 447 2520 iugurtha,
463 2455 608 2519 postquam
620 2444 753 2518 oppidum
764 2445 881 2520 Capsam

79 2523 206 2595 aliosque
222 2521 295 2578 locos
310 2524 431 2578 munitos
446 2531 473 2578 et
486 2523 542 2577 sibi
563 2521 660 2585 utiles,
682 2521 764 2576 simul
781 2533 809 2578 et
823 2541 881 2580 nra-

78 2615 163 2674 gnem
174 2598 321 2670 pecuniam
333 2599 475 2662 amiserat,
496 2598 530 2652 ad
542 2597 678 2653 Bocchum
691 2600 806 2654 nuncios
817 2599 882 2654 mit-

78 2676 126 2739 tit,
147 2691 232 2748 quam
251 2675 371 2747 primum
386 2676 416 2730 in
432 2673 593 2730 Numidiam
607 2676 701 2748 copias
716 2674 879 2730 adducere·-

78 2751 178 2884 praaslii
189 2749 313 2806 iooiundi
323 2760 432 2826 tempus
445 2750 553 2807 adesse.
592 2747 678 2818 Quem
694 2749 742 2880 ephi
758 2767 809 2806 our

161 2845 283 2886 antusr.
