2070 3036
169 216 201 267 88
324 219 351 266 0.
371 221 428 266 ott.
447 220 650 268 {tanhusun
668 219 822 266 BELLUM
855 275 860 283 ⁸

168 324 204 379 tie
215 322 358 395 cognitum
368 329 434 387 erat,
441 337 530 395 genus
535 320 719 378 Numidarum
728 319 859 388 infidum,
867 325 993 398 ingenio

169 396 281 461 mobili,
294 414 428 454 novarum
439 403 531 454 retum
541 395 657 454 aridum
668 414 739 454 esse.
766 399 863 471 ltaque
877 399 991 474 legatos

169 473 256 530 alium
268 473 303 528 ab
314 473 369 529 alio
378 472 504 530 diversos
515 472 690 547 aggreditur,
713 491 746 530 ao
760 474 912 546 paullatim
923 485 991 532 ten-

169 548 265 614 tando,
291 558 437 621 postquam
456 558 626 622 opportunos
646 548 701 604 sibi
722 551 867 624 cognorit,
895 551 990 608 multa

167 624 326 698 pollicendo
335 623 493 697 persuadet,
505 625 547 680 uti
556 624 719 699 Iugurtham
729 642 860 683 maxume
871 629 987 692 virum,

167 702 211 758 sin
223 700 252 756 id
264 717 362 774 parum
370 699 514 773 procedat,
531 710 658 758 necatum
668 700 725 758 sibi
736 702 891 768 traderent:
910 715 990 760 cete-

167 795 229 834 mm
240 778 347 850 palam,
368 792 440 847 quae
450 776 636 834 axvoluntate
647 775 749 843 lorent,
771 779 831 851 regi
847 781 990 836 nunciare

168 852 256 910 iubet.
293 851 396 908 Deinde
410 853 471 924 ipse
481 854 579 924 paucis
590 852 704 918 diebus,
725 854 830 909 intento
841 863 929 928 atque
941 857 991 912 in-

167 929 237 986 icsto
253 929 390 994 exercitu,
411 928 441 984 in
455 927 617 986 Numidiam
634 928 773 1002 procedit:
799 927 864 996 ubi,
888 941 989 988 contra

168 1004 235 1062 belli
248 1003 361 1069 faciem,
383 1005 496 1078 tuguria
506 1004 588 1077 plena
599 1003 759 1071 bominum,
777 1022 877 1078 pecora
892 1008 990 1064 culto-

167 1097 268 1154 resque
278 1081 307 1137 in
318 1081 392 1154 agris
403 1088 495 1138 erant:
517 1097 553 1136 ex
565 1080 679 1153 oppidis
688 1088 716 1138 et
726 1081 885 1154 mapalibus
902 1101 990 1156 pras-

167 1155 232 1216 iecti
252 1157 327 1230 regis
346 1155 459 1212 obviam
479 1155 680 1230 procedebant,
701 1159 789 1229 parati
809 1156 988 1216 frumentum

167 1231 248 1298 dare,
269 1241 453 1288 commeatum
473 1242 595 1306 portare,
618 1240 758 1304 postremo
776 1235 884 1299 omnia,
909 1253 988 1308 quae

167 1310 384 1382 imperarentur,
410 1307 511 1364 iacere.
550 1310 646 1381 Neque
660 1309 789 1366 Metellus
803 1310 908 1368 iccirco
929 1313 988 1368 mi-

168 1403 231 1450 nus,
243 1385 293 1442 sed
305 1385 408 1458 pariter
418 1385 483 1440 acsi
496 1383 589 1442 hostes
599 1382 737 1448 adessent,
750 1387 858 1442 munito
869 1387 986 1460 agmine

168 1462 312 1528 incedere,
330 1461 383 1518 late
393 1461 551 1535 explorare,
566 1460 658 1517 omnia
672 1453 722 1516 illa
737 1459 888 1518 deditionis
899 1463 985 1537 signa

167 1540 287 1596 ostentui
303 1537 429 1603 credere,
454 1546 481 1593 et
496 1537 608 1594 insidiis
625 1536 715 1592 locum
729 1545 845 1594 tentare.
884 1539 985 1611 ltaque

167 1616 228 1687 ipsa
247 1631 310 1670 cum
326 1614 466 1687 expeditis
480 1613 655 1678 cohortibus,
682 1613 747 1670 item
765 1611 940 1670 funditorum
956 1624 984 1672 et

167 1692 372 1765 sagittariorum
393 1691 500 1747 deiecta
518 1707 603 1748 manu
624 1687 698 1763 apud
717 1690 822 1763 primos
841 1699 915 1758 erat;
952 1693 983 1746 in
1021 1709 1022 1714 ¹

166 1777 305 1839 postremo
319 1766 350 1822 C.
364 1768 468 1822 Marius
485 1766 592 1840 legatus
607 1783 670 1823 num
685 1765 828 1838 equitibus
847 1765 980 1824 curabat:

167 1843 196 1895 in
212 1853 360 1914 utrumque
376 1842 448 1898 latus
462 1842 626 1897 auxiliarios
639 1842 749 1913 equites
759 1840 880 1900 tribunis
891 1841 983 1916 legio-
1020 1885 1021 1896 ,

167 1933 233 1972 num
251 1928 277 1974 et
292 1915 438 1989 praelectis
452 1915 606 1972 cohortium
626 1914 835 1988 dispertiverat,
857 1919 897 1974 uti
915 1935 980 1974 cum
1020 1899 1021 1941 ¹

166 1989 212 2046 his
224 1994 355 2064 permixti
367 1993 477 2054 velites,
491 2007 670 2064 quocumque
680 1993 856 2057 accederent,
868 1994 981 2066 equita·
1019 2051 1020 2064 ,

167 2076 212 2123 tus
228 2067 349 2125 hostium
363 2066 567 2140 propulsarent.
606 2068 676 2123 Nam
694 2069 723 2125 in
739 2069 871 2144 iugurtha
885 2078 980 2126 tantus

166 2141 248 2199 dolus
264 2154 393 2216 tantaque
407 2143 505 2214 peritia
523 2141 646 2199 locorum
661 2152 688 2200 ct
703 2145 820 2202 militiae
840 2152 911 2210 erat,
935 2155 977 2212 ut,
1017 2173 1019 2226 r

166 2217 268 2275 absens
278 2238 311 2275 an
322 2235 467 2293 praesens,
484 2234 581 2289 pacem
592 2237 627 2274 an
639 2219 743 2278 bellum
754 2237 867 2295 gerens,
882 2224 979 2294 perui-

166 2295 268 2350 ciosior
278 2304 364 2360 esset,
380 2295 408 2349 in
419 2294 524 2350 incerto
536 2293 693 2353 baberetur.

223 2371 330 2426 XLVII.
351 2371 416 2426 Erat
432 2369 505 2426 baud
522 2370 603 2446 longe
618 2371 653 2428 ab
668 2388 701 2427 eo
715 2373 829 2436 itinere,
850 2387 906 2443 quo
919 2373 977 2430 ble-

165 2445 250 2502 tellus
260 2445 403 2520 pergebat,
416 2445 552 2519 oppidum
563 2447 755 2511 Numidarum,
768 2449 880 2504 nomine
889 2447 974 2522 Vaga,

166 2522 256 2580 iorum
267 2539 359 2578 rerum
370 2523 512 2578 renalium
526 2524 611 2580 totius
624 2525 702 2596 regni
713 2539 842 2578 maxuma
852 2523 977 2580 celebra-

166 2607 240 2664 tum,
259 2597 309 2653 ubi
323 2605 351 2652 et
365 2597 485 2652 incolere
499 2606 526 2653 et
541 2598 656 2652 mercari
674 2607 874 2654 consueverant
887 2600 974 2657 italici

166 2674 276 2750 generis
285 2672 367 2729 multi
378 2671 517 2726 mortales.
557 2671 616 2726 lluc
626 2670 742 2734 Consul,
755 2673 839 2728 simul
851 2675 976 2732 tentandi

167 2752 268 2828 gratia,
280 2759 326 2828 pt,
342 2747 366 2804 si
380 2754 551 2817 paterentur,
568 2745 771 2814 opportunitate
781 2746 849 2814 loci.
868 2753 975 2822 praesi-
