2070 3036
185 218 231 282 tlt
261 293 267 306 .
330 235 357 282 o.
380 219 834 285 cn.dlnnucn11nnnno'rl1

181 335 277 401 modo,
293 333 374 393 modo
385 339 529 393 universos
540 337 662 392 laedere:
684 327 827 403 dictitare,
844 341 981 396 ees'dcon'-

180 412 302 468 sulatum
312 430 348 468 ex
359 416 440 469 victis
455 413 512 469 illis
528 414 617 486 spolia
627 410 748 484 cepisse,
770 413 826 469 alia
840 417 980 488 plaetarta

181 507 225 543 rna
246 487 327 544 nifica
342 506 392 562 pro
406 506 451 555 ee,
474 497 501 544 et
515 489 573 545 illis
589 487 720 545 dolentia.
759 485 890 557 interim,
912 503 980 564 qnae

181 505 255 621 balio
269 581 340 638 opus
355 574 444 632 arent,
465 565 555 638 prima
572 565 686 620 habere:
707 565 849 636 postulare
864 565 981 641 legioni-

181 638 234 697 bne
243 641 481 713 supplementum,
502 642 608 696 auxilia
623 639 763 713 apopulis
773 639 980 716 dtregiuuaso-

181 719 288 790 ciisqne
307 733 460 773 accersere:
481 726 622 789 praeterea
641 731 677 771 ex
691 716 769 771 Latio
789 713 981 774 fortissumum

180 809 332 865 quemque,
351 793 499 866 plerosque
511 793 641 857 militiae,
657 807 761 864 pancos
772 790 845 847 lama
856 791 981 868 cognitos

94 863 98 872 ’
180 870 282 934 accire,
298 877 325 924 et
335 867 485 925 ambiundo
495 885 593 942 cogere
603 868 729 923 homines
740 869 864 923 emeritis
875 873 981 943 stipen-

180 945 235 999 diis
246 961 339 1000 secum
351 944 499 1018 proficisci.
513 947 610 1017 Neque
620 942 664 1000 illi
672 941 799 1010 Senatus,
810 949 981 1018 quamquam

179 1008 395 1085 adversuserat,
415 1019 450 1075 de
460 1020 518 1077 ullo
528 1019 638 1094 negotio
648 1019 770 1074 abnuere
779 1019 913 1091 andebat;
937 1040 981 1077 oc-

179 1105 268 1151 terum
282 1097 507 1168 supplementum
522 1097 604 1151 etiam
619 1093 707 1150 laetus
721 1093 896 1162 decreverat,
915 1099 980 1170 qnia

179 1175 269 1242 nequa
280 1171 356 1244 plebi
367 1172 468 1226 militia
478 1172 583 1228 volanti
597 1170 760 1244 putabatur,
782 1179 809 1227 at
819 1171 924 1227 Mariua
936 1183 982 1229 aut

179 1247 247 1302 belli
261 1261 343 1302 nsum
358 1256 405 1302 aut
420 1247 513 1303 studia
528 1247 604 1320 volgi
619 1247 783 1302 amissurus.
822 1245 880 1303 Sed
895 1263 926 1304 ea
938 1265 980 1304 res

178 1319 279 1380 frustra
293 1331 413 1394 sperata;
436 1332 510 1378 tanta
529 1322 626 1378 lubido
640 1339 704 1378 cunr
718 1323 804 1379 Mario
818 1324 905 1379 eundi
920 1325 981 1398 ple-

178 1415 278 1471 rosque
292 1399 442 1454 invaserat.
464 1398 548 1454 ·Sese
563 1399 684 1471 quisque
697 1397 800 1471 praeda
814 1398 980 1473 locupletem
1014 1423 1015 1486 ἐ

179 1475 251 1540 iore,
261 1475 394 1533 victorem
405 1474 518 1531 domum
527 1473 696 1539 rediturum,
709 1474 764 1531 alia
774 1473 977 1542 huiuscemodi,

179 1552 279 1608 animia
294 1548 453 1622 trahebant3
475 1561 503 1608 et
520 1567 566 1606 eos
582 1565 636 1606 non
651 1548 778 1622 paullum
793 1551 917 1608 oratione
931 1570 978 1608 ana

177 1629 282 1687 ilarius
292 1636 440 1684 arrexerat.
478 1629 547 1684 Nam
561 1633 722 1700 postquam,
741 1626 888 1692 omnibns,
909 1645 978 1701 quaa

177 1705 379 1778 postulaverat,
391 1704 525 1770 decretis,
538 1703 641 1760 militas
652 1701 774 1758 scribere
783 1702 855 1768 volt,
868 1703 978 1760 hanan-
1013 1697 1014 1768 l

179 1781 209 1837 di
228 1799 340 1847 caussa,
364 1780 448 1836 simul
467 1789 494 1835 at
513 1777 700 1844 nobilitatem,
725 1779 767 1834 uti
787 1789 976 1844 consueverat,

178 1857 353 1932 exagitandi,
365 1857 525 1913 concionem
534 1852 632 1927 populi
642 1853 802 1924 advocavit3
815 1851 918 1912 deinde
928 1855 978 1912 hoe

178 1934 261 1989 modo
271 1933 415 1989 disseruit:
1012 1975 1013 1990 ,

233 2009 372 2065 LXXXV.
385 2048 404 2073 „
412 2005 475 2063 Scio
486 2021 546 2080 ego,
558 2002 694 2072 Quirites,
705 1995 854 2079 plerosque
864 2023 919 2062 non
929 2005 977 2062 iia·
1012 2001 1013 2050 l

179 2085 243 2141 dem
254 2085 359 2142 artibus
370 2082 518 2155 imperium
529 2099 544 2136 a
555 2081 635 2136 vobis
646 2089 754 2154 petere,
775 2091 816 2146 et,
832 2092 977 2156 postquam

179 2160 273 2234 adepti
284 2167 357 2225 sunt,
389 2172 477 2214 erere:
490 2156 580 2230 primo
589 2155 978 2230 industrios,aupplices,mo·

178 2235 256 2294 dicos
270 2253 345 2302 erse,
366 2175 467 2290 deinde
481 2240 532 2306 ptr
546 2234 687 2308 ignaviam
697 2233 894 2308 etauperhiam
904 2243 977 2291 aeta-
1011 2227 1012 2290 l

179 2321 336 2386 temagere.
366 2301 422 2367 Sed
433 2309 502 2366 mihi
515 2318 609 2364 contra
619 2309 741 2365 videtur.
767 2309 837 2366 Nam
848 2310 976 2384 quoplu·
1011 2291 1012 2332 ¹

178 2387 217 2443 ria
237 2395 279 2442 ast
298 2387 429 2441 universa
449 2383 621 2457 respublica,
648 2401 732 2457 quam
753 2385 913 2442 consulatue
932 2395 975 2442 aut

178 2470 319 2536 practura,
341 2477 374 2514 eo
386 2461 489 2516 maiore
502 2476 568 2532 cura
581 2458 658 2513 illam
669 2457 873 2528 administrari,
894 2479 973 2535 quem

179 2540 246 2596 haec
259 2536 317 2606 peti
332 2533 443 2588 debere.
483 2535 579 2605 Neque
595 2549 638 2587 ma
652 2525 738 2594 fallit,
760 2545 897 2604 quantum
915 2553 974 2593 cnm

180 2607 306 2674 maxumo
317 2607 452 2662 beneficio
461 2605 666 2680 vostrolnegotii
676 2607 841 2664 sustineam.
870 2612 972 2669 Bellum

179 2701 286 2764 parare,
302 2680 386 2736 simul
397 2689 425 2734 et
433 2679 538 2736 aerario
547 2692 670 2752 parcere3
691 2691 790 2750 cogere
801 2683 836 2738 ad
846 2687 973 2743 militiam

180 2783 239 2830 eoa,
250 2773 318 2833 quos
328 2752 398 2810 nolis
407 2753 558 2820 offendam
574 2747 647 2806 domi
658 2745 782 2804 fortanus,
790 2762 885 2817 omnia
896 2779 970 2820 curu·
1009 2817 1010 2838 ,
