2058 3032
143 182 176 233 32
347 188 374 233 C.
395 187 523 234 cutam
543 187 749 234 sALLUsTtt

140 295 234 342 turum
254 285 289 344 de
309 281 511 354 coniuratione,
532 287 641 343 allides
660 287 774 360 publica
794 287 859 342 data
875 296 962 350 esset,

140 362 405 430 iussusaConsule,
426 381 497 437 quae
512 365 608 428 sciret,
631 363 756 430 edicere,
779 363 880 418 eadem
893 363 960 426 lere,

140 454 212 510 quae
222 438 396 505 Volturcius,
417 439 452 495 de
467 440 569 512 paratis
584 439 737 505 incendiis,
759 437 794 494 de
808 439 897 494 caede
911 438 964 494 bo-

142 531 254 579 norum,
277 513 312 571 da
327 516 426 571 itinere
440 515 563 572 bostium
574 515 704 571 Senatum
719 515 812 571 docet:
836 523 963 586 praeter-

143 607 188 654 ea,
211 608 267 656 „se
281 591 398 647 missum
413 609 429 646 a
443 593 481 647 M.
497 590 608 656 Crasso,
630 591 679 663 qui
691 591 826 647 Catilinae
841 591 963 645 nuncia-

142 675 197 730 ret,
218 683 254 722 ne
269 684 333 722 cum
347 667 481 722 Lentulus
496 675 523 722 et
537 666 675 740 Cethegus
691 664 796 738 aliique
811 683 848 723 ex
861 667 963 722 coniu-

143 743 248 798 ratione
263 741 428 815 deprehensi
444 750 589 811 terrerent;
615 758 702 814 eoque
716 742 807 816 magis
826 758 963 814 propera-

143 827 184 872 ret
199 817 234 874 ad
244 817 344 873 Urbem
360 818 505 884 accedere,
527 836 584 892 quo
595 825 621 874 et
631 826 782 873 ceterorum
796 818 907 872 animoa
918 833 966 872 re-

144 891 250 958 liceret,
271 901 298 948 et
311 891 355 948 illi
366 893 476 950 lucilius
489 894 639 968 epericulo
652 894 862 966 eriperentur.“
905 891 964 948 Sed

143 968 193 1024 ubi
208 969 374 1041 Tarquinius
390 969 520 1026 Crassum
534 969 701 1034 nominavit,
722 969 863 1024 bominem
878 967 965 1023 nobi-

145 1045 208 1106 lem,
222 1045 360 1100 maxumis
371 1044 489 1112 divitiis,
502 1062 610 1101 summa
621 1045 755 1118 potentia:
773 1045 831 1109 alii,
846 1061 906 1099 rem
917 1045 965 1099 in-

145 1120 307 1176 credibilem
321 1122 387 1192 rati,
409 1139 489 1194 pars,
511 1121 620 1176 tametsi
632 1137 728 1176 verum
743 1119 963 1184 existumabant,

147 1205 252 1261 temen,
271 1196 338 1268 quia
353 1197 383 1251 in
397 1197 447 1252 tali
460 1206 582 1269 tempore
597 1205 670 1252 tanta
680 1196 724 1252 vie
737 1195 859 1251 hominis
870 1196 965 1269 magis

148 1271 290 1337 leniunda,
299 1289 383 1345 quam
395 1273 560 1346 exagitanda
571 1272 733 1340 videbatur3
742 1271 869 1345 plerique
880 1271 966 1327 Cras-

148 1363 178 1402 so
189 1365 224 1402 ex
234 1349 352 1422 negotiis
363 1350 480 1421 privatis
490 1348 618 1413 obnoxii,
636 1348 821 1411 conclamant,
838 1345 966 1402 indicem

149 1421 249 1480 laisum
259 1440 334 1488 esse,
349 1424 440 1497 deque
451 1442 482 1480 ea
492 1442 521 1480 re
531 1423 672 1497 postulant
681 1424 723 1479 uti
734 1423 877 1479 referatur.
908 1423 967 1477 lta-

147 1517 215 1572 que,
237 1500 397 1556 consulente
413 1501 567 1580 Cicerone,
581 1499 710 1573 frequens
729 1498 846 1556 Senatus
865 1497 968 1554 decer-

147 1576 198 1640 nit,
211 1576 354 1648 Tarquinii
365 1577 502 1633 indicium
512 1576 719 1641 falsumvideri,
732 1591 850 1647 eumque
860 1575 890 1629 in
898 1575 967 1630 vin-

140 1651 220 1750 pulis
230 1653 420 1719 retinendum,
441 1672 532 1727 neque
547 1653 667 1727 amplius
682 1660 843 1725 potestatem
853 1649 966 1706 iaciun-

149 1728 227 1791 dam,
249 1729 305 1784 nisi
317 1729 351 1784 de
362 1746 393 1786 eo
404 1730 553 1795 indicaret,
574 1730 655 1784 cuius
666 1728 782 1784 consilio
792 1734 895 1782 tantam
905 1743 966 1782 rem

149 1812 222 1859 esset
232 1806 374 1861 mentitus.
412 1807 497 1860 Erant
511 1822 543 1861 eo
554 1813 688 1876 tempore,
708 1803 758 1875 qui
769 1811 965 1868 aestumarent,

149 1878 286 1935 indicium
300 1879 372 1935 illud
387 1897 402 1934 a
416 1881 448 1934 P.
460 1880 592 1936 Autronio
603 1877 806 1944 machinatum,
827 1895 883 1951 quo
897 1877 969 1935 laci-

151 1954 220 2020 lius,
242 1955 378 2029 adpellato
391 1954 502 2022 Crasso,
525 1970 574 2027 per
589 1954 748 2010 societatem
762 1955 883 2027 periculi
897 1953 969 2012 reli·
1019 1991 1020 2010 r

151 2046 221 2103 quos
237 2032 315 2088 illius
331 2031 452 2104 potentia
467 2037 582 2104 tegeret,
621 2029 678 2085 Alii
694 2031 876 2104 Tarquinium
893 2031 970 2086 aCi-
1019 2017 1020 2080 l

151 2122 249 2162 corone
269 2109 426 2163 immissum
445 2105 568 2169 aiebant,
595 2122 629 2162 ne
649 2106 778 2172 Crassus,
808 2123 883 2162 more
902 2122 966 2172 suo,

151 2192 277 2256 suscepto
296 2184 431 2240 malorum
448 2180 614 2257 patrocinio,
635 2183 836 2257 rempublicam
854 2189 969 2238 contur-

152 2259 239 2313 baret.
288 2261 383 2334 Ipsum
406 2260 535 2316 Crassum
559 2274 611 2332 ego
638 2268 733 2332 postea
761 2257 967 2330 praedicantem

153 2333 264 2400 audivi,
285 2343 389 2392 tantam
404 2335 481 2392 illam
496 2333 692 2392 contumeliam
710 2332 765 2408 sibi
785 2333 820 2388 ab
835 2332 967 2388 Cicerone

153 2411 323 2483 impositam.

210 2487 308 2546 xttx.
330 2485 385 2542 Sed
404 2487 505 2543 iisdem
518 2485 690 2560 temporibus
709 2482 743 2551 Q.
759 2481 872 2540 Catulus
892 2491 919 2538 et
934 2485 965 2540 C.

155 2567 217 2621 Piso
228 2579 318 2637 neque
328 2563 474 2634 precibus,
495 2579 585 2634 nequa
597 2560 699 2635 gratia,
722 2575 812 2630 neque
822 2558 909 2630 pretio
919 2557 967 2615 Ci-

156 2658 281 2698 ceronem
299 2637 442 2709 impellere
461 2647 588 2710 potuere,
613 2635 653 2690 uti
674 2649 724 2704 per
738 2632 900 2706 Allobroges
919 2645 967 2690 aut

157 2718 242 2774 alium
264 2714 383 2772 indicem
404 2711 434 2766 C.
457 2713 556 2768 Caesar
575 2710 644 2765 falso
663 2709 858 2764 nominaretur.
899 2709 965 2764 Nam
