2070 3036
220 244 606 298 muneremunere.
627 237 735 299 tl-ts.
850 235 883 300 tl

64 349 257 424 vagabantur,
279 361 306 408 et
320 353 445 426 palantes
460 369 539 426 agros
554 359 676 419 vastare,
699 353 782 410 villas
793 371 883 428 expu·
936 313 947 340 Q

62 443 169 499 gnare,
202 428 311 498 peeoris
331 436 358 483 et
376 423 589 501 manicipleru'rn
610 428 726 499 praedas
746 438 882 486 certantes

64 517 153 574 agere
159 542 166 567 ,
182 517 270 574 eaque
280 512 386 559 mutere
397 520 461 558 eum
471 503 671 560 mercatoribus
681 505 747 560 vino
758 505 883 561 advecti-

9 591 11 640 :
64 578 106 634 tio
122 586 151 634 et
165 577 229 633 aliis
243 578 361 635 talibus:
395 589 550 651 praeterea,
578 578 748 636 frumentum
768 580 883 654 publiea

9 649 11 720 l
65 653 167 708 dutum
181 653 316 720 vendere,
339 671 438 728 penem
453 657 482 710 in
497 656 558 715 dies
577 657 708 712 mereari:
731 665 880 729 postremo,

65 745 264 802 quaecumque
278 731 334 786 diei
346 739 393 786 aut
404 731 471 806 fingi
482 733 607 803 queunti
649 733 727 788 aviae
739 732 883 788 luxuriae·

64 822 123 879 que
134 804 252 877 probra,
268 806 298 861 in
309 806 358 862 illo
368 809 491 862 exercitu
501 816 599 864 cuncte
621 825 701 874 uere,
721 817 748 864 et
758 807 812 864 alia
823 825 883 863 am-

67 881 159 953 plius.

125 957 210 1014 XLV.
232 956 286 1014 Sed
303 957 333 1013 in
343 975 375 1013 ea
386 957 550 1013 difficultate
559 958 701 1015 Metellum
712 975 765 1013 nen
777 961 881 1025 minus,

65 1049 153 1105 quam
168 1034 198 1090 in
213 1033 297 1090 rebus
309 1033 472 1098 hostilibus,
494 1049 627 1107 magnum
638 1043 664 1089 et
674 1034 827 1106 sapientem
839 1035 883 1090 vl-

65 1125 131 1164 ruru
142 1107 230 1165 fuisse
241 1110 408 1182 eomparior,
430 1116 505 1166 tenta
519 1109 700 1182 temperentia
710 1111 783 1166 inter
792 1110 882 1165 embi-

60 1186 174 1240 tienem
192 1185 394 1258 saevitiamque
414 1183 597 1241 moderatum.
643 1186 769 1257 Namque
791 1185 881 1242 edicto

66 1261 192 1333 primum
202 1260 362 1317 adiumenta
373 1261 502 1334 ignaviae
512 1261 672 1317 sustulisse:
685 1262 881 1334 nequisquam

66 1337 210 1392 incastris
222 1354 323 1409 penem
337 1344 385 1392 aut
394 1353 477 1409 quem
490 1337 576 1392 elium
587 1346 696 1393 coctum
706 1337 801 1393 eibum
814 1355 882 1394 ven·
895 1398 899 1406 ,

66 1413 161 1482 deret3
174 1430 210 1468 ne
221 1413 294 1470 lixae
305 1414 458 1469 exereitum
469 1422 664 1485 sequerentur;
680 1431 716 1470 ne
725 1415 807 1470 miles
818 1431 882 1487 gre-

66 1489 305 1563 geriusincaatrls
316 1490 540 1562 neveinagrnine
550 1505 662 1544 servum
671 1498 718 1545 eut
726 1490 881 1545 iumentum
930 1501 934 1507 ·

67 1564 198 1634 heberet3
221 1565 320 1620 ueteris
338 1573 411 1620 arcte
426 1563 540 1620 modum
559 1564 700 1619 statuisse.
739 1565 882 1621 Praeterea

66 1641 236 1697 transversis
255 1640 405 1696 itineribus
421 1639 523 1695 cotidie
542 1648 631 1694 eastra
648 1656 774 1707 movere,
803 1642 881 1696 iuxta

67 1733 100 1772 ac
111 1717 137 1771 si
148 1715 241 1772 hostes
253 1715 394 1781 adessent,
409 1715 484 1772 vallo
494 1721 577 1785 atque
588 1713 661 1770 losse
670 1715 794 1780 munire,
808 1716 883 1789 vigi·

68 1795 122 1849 lias
132 1791 244 1848 crebras
254 1808 371 1864 ponere,
394 1800 421 1847 et
435 1808 482 1848 eas
496 1791 557 1863 ipse
573 1806 636 1844 oum
651 1790 750 1864 legatis
761 1791 882 1847 eircum-

67 1872 124 1924 ire:
144 1869 212 1923 item
221 1869 250 1924 in
260 1867 371 1942 agmine
382 1868 412 1921 ln
422 1866 521 1939 primis
531 1865 626 1932 medo,
643 1865 725 1922 mode
735 1867 765 1922 in
775 1876 883 1940 postre-

68 1946 224 2016 mis‚seape
235 1944 264 1998 in
275 1944 366 2000 medie
377 1941 525 2008 edessena
534 1942 684 2014 quisquam
694 1941 791 1998 ordine
802 1960 883 2016 egre-

69 2021 196 2088 deretur;
213 2021 255 2075 uti
266 2035 330 2075 euru
339 2019 429 2092 siguis
440 2018 598 2091 frequentes
609 2017 784 2083 incederent,
802 2019 882 2074 miles

69 2095 166 2151 eibum
181 2103 209 2151 et
223 2113 297 2150 arma
311 2103 441 2167 portaret.
479 2095 519 2150 lta
539 2092 714 2165 prohibendo
735 2111 749 2147 a
771 2093 882 2149 delictis

69 2171 176 2246 magle,
200 2187 285 2244 quem
304 2169 487 2236 vindicando,
513 2171 666 2226 exereitum
686 2167 765 2224 brevi
782 2167 881 2225 confir-

71 2249 169 2303 merit.

9 2331 11 2342 '
127 2321 224 2379 XLVI.
243 2322 350 2376 Interea
360 2320 507 2396 Iugurtha,
519 2320 583 2385 ubi,
595 2336 667 2392 quae
677 2318 805 2376 Metellus
816 2337 882 2394 age-

71 2401 133 2464 bat,
144 2415 181 2456 ex
189 2397 301 2453 nunciis
310 2397 430 2469 aceepit,
443 2397 528 2453 simul
538 2396 574 2451 de
583 2396 740 2451 innocentie
751 2397 812 2452 elus
823 2413 882 2452 eer-

72 2475 215 2532 tiorlloma
225 2471 327 2539 laetus,
340 2471 468 2529 diffidere
478 2473 538 2528 suis
548 2470 646 2536 rebus,
659 2487 691 2528 ae
700 2480 758 2527 tum
770 2471 883 2528 demum

73 2567 165 2607 veram
180 2549 349 2606 deditionem
365 2547 578 2605 laeareconetus
588 2554 640 2602 est.
679 2548 767 2622 Igitur
779 2548 883 2620 legatos

72 2625 109 2682 sd
122 2624 264 2684 consulem
275 2642 338 2680 eum
348 2623 498 2696 suppliciis
512 2623 611 2688 mittit,
632 2623 682 2695 qui
694 2621 884 2679 tantummodo

72 2703 129 2775 ipsi
143 2702 297 2772 liberisque
311 2701 396 2756 vitam
411 2705 550 2770 peterent,
575 2699 630 2754 alla
644 2700 737 2755 omnia
752 2697 885 2754 dederent

73 2779 176 2852 popule
186 2779 317 2833 Romano.
357 2774 413 2832 Sed
423 2775 534 2834 Metello
549 2777 605 2832 iam
620 2785 699 2832 antea
710 2776 873 2850 experimen
