2058 3032
137 208 172 260 52
289 211 316 258 C,
336 209 392 256 CR.
412 209 619 258 SALLUSTII
637 210 792 256 BELLUM

136 315 186 388 qui
201 321 281 369 antea
294 329 345 386 per
353 312 484 368 virtutem
497 310 572 367 soliti
588 321 665 368 erant
678 312 852 369 nobilitatem
866 321 945 372 anb-

75 451 80 460 ,
136 389 246 454 venire,
267 388 364 444 furtim
378 397 405 443 et
418 405 469 461 par
484 387 626 443 latrocinia
639 389 747 461 potius,
765 405 849 461 quam
860 389 944 445 banis

136 465 258 530 artibus,
282 464 317 528 ad
338 465 454 538 imperia
474 472 501 519 et
519 463 637 520 honores
657 463 796 533 nituntur;
825 465 945 538 proinde

136 543 217 616 quasi
232 550 361 615 praetura
369 549 396 596 et
406 540 566 596 consulatus
581 548 663 613 atque
675 540 730 596 alia
739 541 832 596 omnia
843 540 945 616 buius-

136 619 244 675 oemodi
259 636 309 691 per
324 634 354 673 sa
368 618 430 690 ipsa
445 616 519 673 clara
532 623 561 672 et
574 615 721 690 magnifica
740 619 810 686 sint;
837 621 944 678 &non

135 695 252 769 perinde
264 693 426 759 habeantur,
437 700 583 759 uteorum,
595 693 645 766 qui
656 709 688 749 ea
697 693 845 759 sustinent,
853 695 944 750 virtus

135 781 187 828 est.
227 772 329 828 Verum
345 786 396 844 ego
412 769 529 826 liberius
549 769 688 842 altiusque
706 770 845 842 processi,
874 770 944 825 dum

136 866 181 904 me
196 847 318 906 civitatis
333 862 441 902 morum
455 847 534 920 piget
547 844 702 918 taedetque.
742 846 824 901 Nunc
844 845 880 901 ad
900 846 947 901 in-

135 932 247 998 ceptum
259 922 354 979 redeo.

191 1001 225 1057 V.
246 1000 354 1056 Bellum
364 999 520 1072 scripturus
529 1015 607 1063 sum,
626 997 701 1070 quod
711 996 833 1070 populus
843 997 946 1054 Roma·

136 1094 189 1133 nus
199 1092 263 1132 cum
273 1073 687 1149 Iugurtha,regeNumidarum,
695 1074 795 1148 gessit:
808 1075 944 1146 primum,

135 1154 203 1226 quia
217 1168 350 1225 magnum
370 1160 397 1207 et
417 1161 494 1208 atrox
508 1153 640 1222 variaque
654 1149 770 1207 victoria
788 1149 855 1218 luia
878 1151 946 1208 dein

135 1230 203 1302 quia
217 1223 284 1284 tunc
294 1227 416 1300 primum
427 1227 575 1299 superbiae
584 1227 739 1283 nobilitatis
748 1226 862 1282 obviam
872 1227 947 1283 itum

136 1314 191 1370 est,
211 1321 283 1376 quae
298 1305 436 1359 eontentio
451 1299 547 1358 divitia
558 1311 585 1359 et
595 1302 716 1358 bumana
729 1311 829 1359 cuncta
839 1305 949 1376 permi-

136 1383 218 1447 scuit,
231 1397 319 1452 eoque
328 1379 474 1435 vecordiae
484 1380 629 1452 processit,
644 1381 685 1434 uti
696 1379 798 1436 studiis
809 1379 947 1437 civilibus

136 1458 243 1516 bellum
265 1461 347 1528 atque
371 1457 486 1512 vastitas
510 1457 605 1513 ltaliae
628 1455 712 1511 linem
735 1456 847 1512 iaceret.
890 1457 948 1514 Sed

136 1536 301 1609 priusquam
311 1532 505 1589 huiuscemodi
519 1535 561 1589 rei
578 1533 690 1589 initium
701 1531 834 1605 expedio,
856 1550 948 1605 pauca

136 1629 219 1687 supra
230 1616 362 1683 repetam,
375 1627 431 1684 quo
442 1610 477 1666 ad
488 1609 711 1684 cognoscendum
721 1609 813 1665 omnia
823 1607 948 1666 illustria
1019 1633 1020 1638 ¹

136 1690 227 1766 magia
245 1688 392 1762 magisque
410 1689 440 1743 in
464 1696 557 1760 aperto
576 1688 642 1742 sint.
682 1685 758 1741 llello
775 1685 881 1741 Punico
902 1704 950 1742 se-
1019 1741 1020 1756 ,

136 1766 242 1831 cundo,
267 1781 323 1838 quo
342 1764 400 1819 dux
419 1763 690 1838 Carthaginiensium
706 1760 858 1827 Hannibal,
882 1767 951 1835 post

136 1841 359 1916 magnitudinem
374 1841 496 1894 nominis
506 1840 635 1902 Romani,
655 1836 750 1893 ltaliae
764 1853 832 1910 opes
846 1855 951 1895 maxu-

137 1935 181 1973 me
192 1918 347 1982 attriverat,
363 1916 525 1980 Masinissa,
540 1931 589 1969 rex
599 1911 796 1979 Numidarum,
807 1915 838 1968 in
849 1915 951 1973 amici·

137 1995 204 2050 tiam
222 2001 349 2068 receptus
364 2008 379 2047 a
393 1992 426 2048 P.
441 1990 586 2064 Scipione,
612 1991 657 2044 cui
678 2005 832 2064 cognomen
852 2001 951 2064 postea

137 2070 267 2126 Africano
282 2087 318 2126 ex
329 2069 431 2125 virtute
445 2066 512 2131 fuit,
532 2065 619 2122 multa
630 2074 656 2122 et
666 2066 807 2140 praeclara
818 2068 859 2123 rei
871 2069 952 2124 mili·
1019 2093 1020 2130 4

137 2144 463 2202 tarisiacinoraiecerat:
485 2143 616 2215 obquae,
637 2143 720 2199 victis
735 2142 950 2217 Carthaginien·
1019 2187 1020 2204 ,

138 2222 217 2280 sibus
228 2231 255 2278 et
264 2230 343 2295 capto
354 2218 496 2295 Syphace,
518 2220 598 2275 euius
611 2220 642 2275 in
652 2218 746 2275 Africa
760 2235 893 2294 magnum
908 2229 951 2278 at-
1019 2211 1020 2232 ¹

138 2316 193 2372 que
205 2299 258 2354 late
269 2297 420 2370 imperium
430 2295 534 2362 valuit,
556 2297 677 2370 populus
688 2297 842 2361 Romanus,
862 2313 951 2369 quas-

139 2391 259 2448 cumque
273 2373 359 2429 urbes
369 2382 397 2429 et
406 2388 487 2447 agros
502 2389 586 2428 manu
600 2380 723 2446 ceperat,
745 2373 805 2446 regi
815 2371 888 2430 dono
898 2372 952 2430 de-

140 2453 192 2508 dit.
230 2451 318 2526 Igitur
333 2450 455 2506 amicitia
469 2449 632 2506 Masinissae
649 2449 721 2504 bona
736 2455 818 2521 atque
834 2448 951 2506 honesta

143 2529 222 2586 nobis
240 2527 405 2602 permansit:
442 2524 492 2581 sad
516 2527 627 2598 imperii
646 2525 776 2596 vitaeque
799 2524 861 2581 aius
885 2524 951 2582 finis

144 2607 220 2664 idem
229 2604 291 2661 luit.
334 2601 439 2658 Deinde
448 2601 566 2672 Micipsa
576 2601 650 2658 filius
660 2616 777 2674 regnum
788 2600 864 2656 solus
875 2601 951 2658 obti-
1018 2595 1019 2620 ¹

145 2686 220 2748 nuit,
250 2677 433 2740 Mastanabale
450 2685 477 2731 et
491 2676 613 2733 Gulussa
631 2675 763 2731 iratribus
783 2675 880 2732 morbo
899 2677 952 2732 ab·

147 2761 275 2838 sumptis.
313 2759 338 2816 le
352 2751 506 2812 Adherbale
745 2767 886 2809 'nexsese
900 2771 953 2829 ge-
