2070 3036
199 231 488 278 rucunrnruuu.
509 233 588 279 cnr.
608 233 718 282 ra-rs.
809 231 857 284 tot
931 211 935 216 ’

107 333 233 392 LXXIV.
254 331 357 388 Eodem
368 341 490 405 ternpore
499 333 645 408 iugurtha,
667 335 852 394 amissisami·

53 411 108 476 cis,
126 426 244 483 quorum
256 410 404 481 plerosque
415 409 475 482 ipse
486 418 645 475 necaverat,
667 413 750 466 ceteri
762 412 853 470 lormi-

12 553 13 560 ἵ
53 488 134 551 dine,
150 503 215 559 pars
226 484 260 540 ad
271 486 419 550 Romanos,
435 485 484 540 alii
495 485 530 540 ad
541 501 633 559 regem
644 487 781 542 Bocchum
792 507 855 561 pro-

54 563 197 638 fugerant,
219 578 305 633 quum
322 577 413 633 neque
428 560 534 616 bellum
544 563 604 635 geri
614 561 674 617 sine
685 561 856 620 administris

52 646 160 713 posset,
182 645 208 692 et
222 654 356 693 novorum
372 636 455 691 fidem
470 637 500 692 in
516 645 590 692 tauta
605 638 722 709 perfidia
734 647 857 696 veterum

53 714 177 787 experiri
198 713 385 786 periculosum
405 713 532 778 duceret,
563 714 658 770 varius
679 714 856 788 incertusque

54 790 188 865 agitabat.
227 790 323 862 Neque
334 789 447 853 illices,
460 805 550 861 neque
561 790 709 846 consilium
720 800 768 848 aut
777 793 857 864 quis·

53 884 138 940 quam
149 865 295 921 hominurn
305 866 372 920 satis
383 864 523 938 placebat:
539 865 637 920 itinera
648 866 857 941 praefectosque

13 999 14 1004 ,
52 945 81 999 in
93 943 155 999 dies
166 950 287 997 mutare:
306 940 387 997 modo
398 940 547 997 adversum
557 941 665 1007 hostes,
677 942 815 998 interdum
827 946 856 999 iu

51 1017 221 1076 solitudines
231 1034 362 1091 pergere:
379 1034 461 1090 saepe
472 1018 501 1072 iu
512 1015 592 1092 fuga,
608 1035 639 1073 ac
649 1027 712 1090 post
721 1019 816 1091 paullo
827 1022 856 1075 in

52 1096 138 1152 armis
149 1110 229 1167 spem
240 1093 355 1149 habere:
379 1092 520 1158 dubitare,
536 1094 634 1149 virtuti
645 1111 680 1149 au
691 1095 755 1150 fidei
767 1113 857 1170 popu·

52 1173 154 1228 larium
165 1169 405 1237 miuuscrederet;
426 1170 479 1236 ita,
499 1185 676 1242 quocumque
690 1171 854 1240 intenderat,

52 1265 96 1304 res
108 1245 242 1303 adversae
253 1254 339 1301 eraut.
361 1244 416 1301 Sed
429 1246 501 1301 iuter
515 1262 561 1301 ees
573 1263 662 1302 moras
672 1258 785 1320 repente
795 1267 857 1305 sese

51 1323 180 1380 Metellus
190 1338 254 1377 cum
264 1323 387 1377 exercitu
397 1321 526 1378 ostendit.
567 1323 704 1380 Numidae
715 1326 855 1398 ablugur-

50 1401 99 1457 tha
114 1415 166 1473 pro
180 1407 302 1471 tempore
317 1399 405 1470 parati
420 1399 618 1471 instructique:
641 1399 705 1456 dein
719 1403 855 1473 praelium

51 1475 199 1549 incipitur.
238 1473 297 1540 Qua
311 1475 340 1528 in
356 1483 433 1547 parte
448 1491 498 1530 rex
512 1491 623 1549 pugnae
637 1474 728 1542 alluit,
752 1478 793 1533 ibi
804 1479 856 1533 ali·

51 1550 190 1626 quamdiu
206 1559 352 1606 certatum:
374 1551 458 1606 ceteri
479 1551 540 1604 eius
560 1550 664 1606 milites
681 1553 771 1622 primo
790 1570 857 1609 oon·

50 1645 153 1704 gressu
164 1625 240 1702 pulsi
252 1625 405 1700 fugatique.
446 1626 561 1680 Romani
574 1626 718 1698 signorum
729 1637 756 1683 et
766 1647 856 1684 armo-

50 1723 116 1760 rum
141 1702 283 1775 aliquanto
307 1717 422 1756 numero
445 1700 568 1755 hostium
589 1716 741 1778 paucorum
761 1706 853 1776 potiti:

51 1797 118 1836 nam
132 1779 218 1834 ferme
233 1777 368 1833 Numidas
382 1776 411 1832 iu
427 1776 557 1832 omuibus
571 1776 686 1849 praeliis
701 1781 791 1852 magis
806 1797 854 1852 pe-

51 1858 116 1922 des,
135 1871 220 1928 qnam
231 1871 319 1918 arma,
334 1861 420 1910 tutata
430 1861 505 1908 eunt.

107 1931 220 1988 LXXV.
232 1931 271 1985 Ea
282 1928 348 2004 iuga
357 1929 502 2004 iugurtha,
515 1929 671 2002 impensius
680 1929 761 1985 ruodo
772 1930 855 1987 rebus

52 2010 112 2064 suis
125 2003 269 2072 diflidens,
287 2023 350 2061 cum
361 2005 486 2079 perfugis
496 2013 523 2060 et
533 2015 610 2078 parte
620 2005 759 2078 equitatus
769 2007 799 2061 in
811 2024 854 2062 so-

53 2083 202 2147 litudines,
224 2081 289 2137 dein
305 2082 419 2138 Thalam
434 2082 575 2154 pervenit,
598 2083 627 2137 iu
641 2081 776 2154 oppidum
797 2099 856 2138 ma-

51 2176 140 2236 gnum
156 2166 238 2230 atque
252 2157 428 2231 opulentum,
448 2157 497 2212 uhi
507 2159 635 2230 plerique
644 2157 768 2214 thesauri
784 2157 854 2215 filio·

53 2252 172 2309 rumque
197 2235 258 2289 eius
281 2233 377 2290 multis
400 2233 537 2308 pueritiae
559 2234 651 2289 cultus
674 2242 742 2290 erat.
780 2233 856 2302 Quae

52 2322 200 2386 postquam
215 2310 325 2367 Metello
339 2317 478 2382 comperta
493 2317 572 2376 sunt,
596 2325 766 2381 quamquam
785 2312 857 2368 inter

54 2389 170 2446 Thalam
181 2385 340 2459 flumenque
349 2387 522 2459 proximum,
539 2386 629 2458 spatio
640 2385 760 2442 millium
771 2389 856 2460 quiu-

53 2457 203 2540 quagiuta‚
217 2463 276 2518 loca
285 2462 362 2517 arida
372 2471 453 2534 atque
463 2469 541 2518 vasta
551 2478 613 2516 esse
623 2472 801 2536 cognoveram
814 2473 856 2520 ta-

55 2559 133 2604 men,
150 2557 200 2612 spe
210 2538 337 2612 patrandi
350 2538 431 2603 belli,
446 2537 471 2592 si
482 2537 543 2592 eius
553 2537 650 2610 oppidi
660 2540 764 2610 potitus
775 2539 853 2600 foret.

54 2617 145 2675 omnis
165 2617 325 2686 asperitates
345 2613 545 2688 supervadere,
577 2630 609 2668 ac
627 2622 752 2670 naturam
772 2615 854 2671 etiam

56 2696 167 2749 ·incere
183 2691 352 2764 aggreditur.
392 2689 480 2764 lgitur
492 2689 586 2744 omnia
600 2689 723 2746 iumenta
737 2691 854 2746 sarcinis

57 2769 143 2827 levari
154 2767 246 2833 iubet,
268 2767 323 2822 nisi
333 2765 471 2823 frumento
480 2764 590 2822 dierum
600 2765 711 2824 dacem:
733 2775 855 2824 ceterum
