2058 3032
299 252 492 298 CATILINA.
513 251 591 297 cAP.
611 252 632 296 i.
651 253 671 295 l.
870 245 890 295 ’ὅ

79 370 143 418 nes,
160 367 249 426 genus
260 352 404 410 bominum
415 360 536 426 agreste,
553 352 613 406 sine
625 350 749 424 legibus,
764 351 825 408 sine
835 353 889 407 im-

76 429 165 500 perio,
181 427 301 484 liberum
312 438 394 501 atque
404 428 537 484 solutum.
576 428 620 494 lli,
635 434 782 499 postquam
793 430 822 483 in
834 447 887 484 una

78 504 186 560 moenia
197 521 364 570 convenere,
386 504 493 577 dispari
502 521 616 578 genere,
637 503 769 558 dissimili
781 503 886 579 lingua,

77 579 151 635 alius
165 580 220 636 alio
236 597 310 636 more
326 582 467 647 viventes,
496 579 661 636 incredibile
675 589 828 636 memoratu
847 589 889 636 est

77 673 162 729 quam
179 655 259 712 lacilo
278 657 440 713 coaluerint.
480 655 536 712 Sed
553 663 699 728 postquam
717 673 761 710 res
782 673 886 723 eorum,

77 732 203 798 civibus,
225 733 363 798 moribus,
386 733 460 806 agris
471 741 564 798 aucta,
584 733 651 787 satis
664 749 794 804 prospera
806 733 888 788 satis-

76 825 132 880 que
143 808 251 880 pollens
260 809 417 874 videbatur,
433 808 516 864 sicuti
526 809 659 881 pleraque
670 808 827 864 mortalium
837 808 888 864 ha-

76 885 191 950 bentur,
213 885 321 941 invidia
337 903 372 940 ex
385 883 526 956 opulentia
544 893 601 939 orte
616 893 667 939 est.
706 885 794 958 Igitur
808 900 887 959 reges

75 959 230 1032 populique
249 959 370 1016 finitumi
390 961 463 1016 bello
482 969 599 1016 tentare:
634 961 717 1031 pauci
737 978 772 1015 ex
790 961 887 1016 amicis

77 1035 183 1092 auxilio
193 1053 267 1106 esse3
288 1037 461 1101 namnetem,
483 1045 558 1091 metu
569 1036 704 1108 perculsi,
725 1037 887 1108 apericulis

77 1113 201 1167 aberant.
240 1113 275 1168 At
283 1113 408 1178 Romani,
420 1112 496 1167 domi
506 1113 678 1184 militiaeque
688 1113 796 1178 intenti,
809 1111 888 1170 lesti-

77 1206 156 1253 nare,
177 1205 287 1261 parare,
309 1189 380 1245 alius
397 1188 483 1244 alium
497 1189 613 1254 hortari,
634 1188 761 1244 hostibus
775 1190 887 1246 obviarn

76 1266 131 1331 ire,
152 1264 321 1330 libertatem,
342 1265 472 1337 patriam,
493 1272 677 1338 parentesque
688 1265 772 1320 armis
782 1275 885 1341 tegere.

75 1341 153 1405 Post,
175 1339 225 1396 ubi
234 1341 359 1414 pericula
370 1342 471 1397 virtute
488 1341 679 1414 propulerant,
701 1341 785 1398 sociis
805 1352 886 1415 atque

76 1416 175 1472 amicis
186 1416 292 1472 auxilia
301 1417 455 1489 portabant,
471 1418 616 1491 magisque
626 1416 736 1483 dandis,
748 1435 833 1490 quam
841 1435 887 1473 ao-

75 1491 219 1564 cipiundis
234 1492 377 1548 beneflciis
396 1493 533 1548 amicitias
552 1493 695 1564 parabant.
735 1495 886 1565 Imperium

75 1569 247 1644 legitimum,
273 1586 373 1624 nomen
392 1569 503 1640 imperii
521 1569 630 1641 regium
646 1569 794 1625 habebant.
833 1571 887 1624 De-

75 1642 886 1717 lecti‚quibuscorpusannisinlirmumingeniumsepien-

73 1722 111 1776 tia
127 1719 253 1775 validum
268 1728 335 1786 erat,
365 1719 537 1791 reipublicae
557 1719 761 1786 consultabant;
791 1721 821 1776 bi
840 1721 885 1777 vel

74 1805 176 1861 aetate,
193 1796 237 1852 vel
249 1813 330 1852 curae
339 1795 540 1861 similitudine,
557 1803 648 1868 patres
663 1796 883 1868 appellabantur.

73 1875 151 1937 Post.
174 1872 223 1927 ubi
235 1874 342 1947 regium
352 1873 515 1945 imperium,
537 1871 612 1945 quod
627 1872 706 1929 initio
719 1890 886 1930 conservan-

73 1949 127 2004 dae
141 1948 277 2004 libertatis
292 1958 373 2022 atque
387 1949 530 2024 augendae
544 1949 714 2021 reipublicae
728 1947 830 2016 luerat,
855 1952 883 2006 in

73 2025 235 2098 superbiam
258 2025 529 2098 dominationemque
551 2027 699 2091 convertit,
739 2027 884 2083 immutato

72 2118 163 2167 more,
186 2119 277 2157 annua
292 2103 409 2174 imperia
427 2101 562 2174 binosque
577 2103 756 2173 imperatores
770 2103 825 2158 sibi
842 2102 884 2158 le-

72 2195 146 2233 cere.
186 2179 225 2233 Eo
245 2177 326 2233 modo
341 2177 463 2233 minume
478 2195 559 2251 posse
573 2178 707 2250 putabant
726 2195 775 2250 per
795 2179 882 2235 licen-

71 2255 140 2309 tiam
151 2253 318 2309 insolescere
330 2254 452 2309 animum
464 2253 627 2309 humanum.

107 2377 110 2382 ,
128 2329 187 2386 Vll.
209 2328 264 2385 Sed
279 2347 310 2385 ea
325 2339 484 2402 tempestate
498 2346 612 2401 coepere
622 2346 652 2383 se
662 2330 781 2403 quisque
792 2334 881 2406 magis

71 2405 220 2474 extollere,
251 2407 395 2480 magisque
415 2407 558 2481 ingenium
576 2406 749 2478 inpromptu
768 2407 879 2464 babere.

70 2485 142 2538 Nam
163 2480 277 2556 regibus
296 2482 376 2546 boni.
397 2498 482 2554 quam
501 2481 581 2545 mali,
601 2485 785 2554 suspectiores
805 2492 878 2548 sunt.

70 2574 239 2633 semperque
258 2556 303 2612 his
323 2558 412 2612 aliena
431 2559 520 2613 virtus
539 2555 716 2614 formidolosa
733 2568 784 2614 est.
825 2558 880 2614 Sed

70 2635 186 2698 civitas,
208 2632 373 2688 incredibile
388 2641 538 2688 memoratu
553 2640 607 2696 est,
630 2633 728 2705 adepta
743 2633 878 2700 libertate,

70 2720 207 2783 quantum
223 2708 302 2764 brevi
317 2709 449 2764 ereverit:
470 2715 544 2763 tanta
558 2707 661 2778 cupido
675 2709 780 2782 gloriae
789 2709 880 2764 inces-

69 2795 154 2844 serat.
193 2786 253 2840 lam
262 2785 384 2858 primurn
394 2785 538 2850 iuventus,
554 2784 638 2838 simul
652 2801 684 2838 ac
694 2783 762 2838 belli
773 2784 879 2854 patiens
