2070 3036
151 198 183 248 80
303 202 330 246 G.
351 201 406 247 cR.
426 201 631 247 SALLUSTII
650 201 803 245 BELLUM

150 301 244 373 paullo
258 302 444 358 inconsultius
453 301 602 358 Massivam
615 300 791 374 aggreditur:
815 301 898 356 illum
910 302 966 358 ob-
1022 317 1023 368 ;

150 385 272 444 truncat;
288 376 410 448 sedipse
420 375 623 448 deprehensus,
639 376 734 431 multis
746 375 926 432 hortantibus
935 389 966 432 et
1022 379 1023 428 l

150 453 179 505 in
194 452 293 522 primis
308 451 409 508 Albino
420 452 547 516 consule,
569 451 706 506 indicium
719 451 874 524 profitetur.
917 453 966 508 Fit
1022 441 1023 498 f

150 543 214 581 reus
225 527 314 600 magis
324 544 360 583 ex
370 543 457 598 aequo
468 527 609 598 bonoque,
621 543 704 599 quam
714 543 750 581 ex
760 528 821 582 iure
831 529 964 600 gentium
1022 539 1023 596 j

150 602 299 667 Bomilcar,
312 620 404 665 comes
412 603 488 667 eius,
500 603 549 674 qui
557 603 670 657 Romam
681 601 736 658 fide
745 602 861 673 publiea
873 620 965 658 vene-

151 686 202 732 rat.
242 677 276 733 At
294 677 440 750 iugurtha,
471 677 635 734 manifestus
654 677 724 732 tanti
743 677 872 743 seeleris,
904 695 962 734 non
1022 705 1023 728 r

150 755 229 823 prius
239 753 541 809 omisitoontravernm
551 752 613 818 niti,
629 769 711 825 quam
720 752 847 808 animum
858 752 965 810 adnm
1022 755 1023 820 ξ

150 829 197 893 tit,
219 845 303 900 supra
317 828 434 901 gratiam
448 836 530 900 atque
543 828 691 899 pecuniam
704 844 798 893 suam,
820 828 963 885 invidiam

149 896 216 958 faoti
231 920 303 960 esse.
341 904 442 976 Igitur,
463 919 632 975 quamquam
647 903 782 974 inpriore
797 905 907 962 actione
926 921 964 960 ex

149 979 248 1034 amicis
267 979 469 1051 quinquaginta
491 978 575 1035 vades
595 977 721 1047 dederat3
749 995 834 1052 regno
856 981 961 1054 magis,

149 1068 234 1122 quam
245 1053 365 1110 vadibus
374 1053 535 1118 consulens,
557 1053 629 1110 elam
641 1053 670 1109 in
684 1053 844 1110 Numidiam
854 1056 964 1112 Bomil-

149 1143 242 1184 oarem
253 1129 381 1192 dimittit,
398 1129 519 1194 veritus,
536 1145 571 1184 ne
581 1129 704 1201 reliquos
714 1129 857 1202 popularis
868 1141 963 1187 metus

149 1203 294 1262 invaderet
304 1203 419 1276 parendi
430 1204 500 1269 sibi,
512 1204 537 1258 si
547 1203 582 1260 de
592 1204 642 1260 illo
651 1205 823 1276 supplicium
834 1214 962 1262 sumtum

149 1275 232 1336 forat.
270 1281 305 1335 Et
319 1280 380 1350 ipse
394 1281 492 1352 pannis
507 1279 607 1335 diebus
627 1278 724 1335 eodem
744 1279 884 1352 proiectus
905 1290 960 1346 est,

149 1354 245 1411 iussus
256 1373 269 1410 a
282 1353 386 1410 Senatu
396 1356 475 1411 ltalia
485 1354 629 1410 decedere.
651 1353 706 1410 Sed
717 1363 863 1426 postquam
874 1357 961 1412 Roma

148 1447 279 1504 egressus
290 1438 340 1494 est,
354 1429 449 1496 fertur,
461 1448 544 1504 saepe
554 1448 586 1486 eo
597 1431 696 1486 tacitus
706 1431 870 1504 respiciens,
883 1441 963 1504 post—

150 1525 227 1564 remo
236 1507 356 1562 dixisse:
374 1507 497 1572 „urbem
508 1507 634 1563 venalem
644 1515 785 1562 etmature
795 1507 959 1578 perituram,

153 1585 176 1638 si
187 1591 338 1655 emptorem
349 1583 497 1640 invenerit.
506 1591 524 1614 ¹‘

207 1734 334 1790 xxxvl.
354 1736 466 1792 Interim
481 1733 615 1797 Albinus,
635 1741 764 1789 renovato
774 1732 862 1797 bello,
884 1748 961 1789 oom-

148 1818 287 1874 nestum,
309 1809 495 1882 stipendium,
517 1809 642 1880 aliaque,
664 1824 735 1878 quaa
746 1807 885 1864 militibus
894 1810 960 1864 usui
1022 1807 1023 1890 ᾗ

52 1883 59 1896 “
152 1877 252 1948 forent,
274 1893 392 1940 maturat
405 1887 435 1939 in
448 1883 570 1939 Africam
585 1890 707 1954 portare;
732 1883 877 1939 aestatim
899 1885 960 1956 ipse
1022 1935 1023 1960 ,

149 1957 291 2029 proiectus
305 1967 360 2024 est,
385 1960 426 2015 uti
440 1967 502 2014 ante
517 1956 641 2022 eomitia,
665 1957 741 2029 quod
760 1965 871 2031 tempus
884 1957 960 2014 haud
1022 1971 1023 2034 j

150 2033 234 2108 longe
244 2033 351 2099 aberat,
373 2034 457 2089 armis
472 2041 519 2088 ant
537 2031 678 2088 deditione
693 2040 740 2089 ant
755 2033 857 2104 quovis
877 2034 958 2090 modo

150 2109 257 2166 bellum
269 2109 424 2165 conficeret.
444 2107 479 2164 At
489 2115 582 2164 eontra
592 2107 726 2180 Iugurtha
737 2107 845 2164 trahere
854 2110 957 2174 omnia,

152 2192 179 2238 st
193 2185 263 2240 alias
277 2184 380 2240 deindo
394 2183 463 2240 alins
477 2199 569 2238 moras
584 2199 696 2238 caussas
707 2181 809 2240 iacere:
832 2184 959 2256 polliceri

151 2257 335 2325 deditionem,
352 2276 384 2316 ae
393 2257 496 2315 deinde
505 2266 611 2315 matum
620 2259 767 2316 simulare:
788 2259 902 2316 instanti
913 2277 960 2316 oe·

152 2334 230 2398 dare,
252 2343 280 2391 et
289 2335 384 2407 paullo
394 2343 468 2406 post,
489 2350 524 2389 ne
534 2334 580 2390 sni
590 2333 762 2399 dillidarent,
782 2333 899 2392 instare:
921 2337 959 2393 ita

152 2407 220 2466 belli
230 2409 325 2475 modo,
345 2409 427 2466 modo
437 2409 514 2482 paois
529 2426 619 2475 mora,
643 2409 791 2467 Consulem
804 2409 959 2468 ludificare.

151 2486 192 2543 do
204 2483 295 2576 lirare,
318 2486 443 2557 quitum
458 2484 591 2542 Albinum
610 2484 685 2541 hand
699 2485 828 2558 ignarum
848 2487 958 2574 opnsilii

153 2567 615 2697 {tramittant}
628 2567 890 2707 {stultitiis
899 2569 960 2696 lt

154 2716 260 2774 darent.
284 2711 339 2771 Sed
348 2718 508 2784 postquam,
521 2708 629 2782 dilapso
639 2717 773 2780 tempora,
785 2711 958 2768 comitiorum
