2058 3032
301 225 495 274 CATILINA.
517 228 599 276 CAP.
621 231 639 274 3.
659 229 680 276 l.
879 226 895 279 ³

81 342 117 381 ce
131 325 175 381 vel
191 325 266 381 bello
280 326 385 382 clar'um
395 326 455 382 lieri
466 328 540 384 licet.
579 330 613 385 Et
627 331 677 402 qui
687 327 789 394 iecere,
810 340 837 386 et
846 333 896 403 qui

85 401 157 456 lacta
172 402 289 457 aliorum
305 403 453 473 scripsere,
478 405 558 459 multi
575 405 731 461 laudantur.
770 406 810 462 ric
824 408 896 462 mibi

83 476 214 549 quidem,
237 477 347 556 tametsi
363 478 578 552 haudquaquam
592 497 642 552 par
660 481 746 555 gloria
765 491 896 554 sequatur

85 553 249 624 scriptorem
264 559 290 609 et
305 561 443 609 aucorem
458 565 564 621 rernm,
588 558 722 612 tamenin
738 558 837 629 primis
852 574 896 613 ar-

83 628 173 683 ddum
184 628 308 694 uidetur,
320 645 364 684 res
374 638 465 704 gestas
474 632 609 688 scribere:
622 635 758 705 primurn,
769 633 867 704 quodi
882 665 896 674 -

82 711 128 760 ctu
144 703 227 758 dictis
242 705 421 777 exaequanda
435 715 512 776 suut;
537 707 653 773 dehinc,
676 710 742 781 quia
757 709 894 780 plerique,

81 789 157 853 qnae
173 779 274 835 delicta
288 782 512 852 reprehenderis,
534 777 727 840 malevolentia
743 793 770 839 et
788 784 896 840 invidia

83 857 162 912 dicta·
169 861 281 927 putant:
304 857 353 911 nbi
369 857 404 911 de
418 867 517 931 magua
533 861 634 915 virtute
650 867 731 932 atque
745 859 832 933 gloria
846 860 897 915 bo-

82 939 184 987 norum
194 937 343 998 memores,
365 943 436 1004 quala
451 935 507 989 sibi
522 937 642 1008 quisque
656 935 749 991 lucilia
759 935 834 990 lactu
843 953 896 1007 pu-

82 1017 136 1074 tat,
157 1009 348 1138 aplquoa'nitno
359 1010 472 1082 accipit3
495 1023 579 1082 supra
590 1022 635 1077 ea,
656 1012 743 1068 veluti
755 1011 830 1076 stota,
847 1023 897 1084 pro

83 1083 164 1139 falsis
195 1085 263 1138 ucit.

141 1158 197 1215 Sed
208 1175 259 1233 ego
270 1158 496 1216 adulescentulus
506 1162 601 1227 initio,
622 1163 706 1219 sicuti
719 1163 861 1235 plerique,
881 1179 897 1218 a

83 1233 179 1291 studio·
189 1234 224 1290 al
234 1237 437 1308 rempublicam
447 1236 605 1305 latussurr't,
622 1240 719 1312 ibique
729 1238 800 1293 mibi
810 1239 898 1294 multa

82 1312 202 1367 adversa
222 1309 309 1367 luere.
348 1313 418 1367 Nam
437 1330 488 1385 pro
509 1313 629 1388 pudore,
653 1330 704 1388 pro
719 1314 896 1379 abstinentia,

81 1402 134 1462 pro
144 1387 247 1443 virtute
257 1387 383 1454 audacia,
396 1389 516 1462 largitio,
529 1391 645 1446 avaritia
655 1391 797 1466 vigebant.
821 1387 898 1457 Quae

81 1464 194 1520 tametsi
208 1465 317 1520 anirntts
333 1466 545 1537 aspernabatur,
567 1467 690 1522 insolens
704 1467 839 1522 malarum
854 1484 899 1522 ar-

80 1541 169 1605 tium,
191 1545 282 1595 tamen
297 1542 370 1597 inter
383 1541 457 1596 lanta
472 1542 541 1597 vitia
556 1543 697 1599 imbecilla
715 1552 789 1600 aetas
808 1543 898 1597 alubi-

83 1619 158 1672 tione
173 1624 299 1689 corrupta
318 1617 477 1685 tenebatur3
503 1634 535 1672 ac
549 1633 607 1683 me,
628 1633 716 1692 quum
731 1619 766 1674 ab
780 1618 898 1690 reliquis

82 1693 166 1748 malis
177 1693 301 1748 moribus
312 1692 506 1756 dissentirem,
522 1692 612 1748 nihilo
622 1697 715 1749 minus
724 1694 837 1750 honoris
847 1709 898 1749 ou-

81 1769 151 1842 pido
166 1766 264 1824 eadent
279 1779 351 1841 quae
366 1776 485 1833 ceteros,
510 1767 595 1834 lama,
620 1779 702 1842 atque
720 1768 829 1825 inuidia
849 1787 899 1825 ve-

81 1845 178 1902 rabat.

138 1921 186 1977 tv.
205 1922 293 1995 Igitur
312 1920 362 1977 nbi
382 1921 492 1976 eminus
506 1938 541 1976 ex
560 1921 657 1977 multis
676 1921 797 1977 miseriis
816 1931 899 1995 atque

81 1997 219 2072 periculis
232 1998 385 2069 requievit,
407 2006 434 2052 et
452 1994 524 2052 mibi
538 1999 674 2070 reliquam
694 2005 810 2054 acutam
824 2017 840 2054 a
854 2017 899 2054 re-

82 2074 199 2146 publica
213 2071 310 2144 prooul
325 2072 482 2129 habendam
502 2073 629 2130 decrevi:
658 2086 713 2129 non
734 2073 788 2130 luit
806 2077 899 2131 consi-

83 2153 169 2216 lium,
185 2147 310 2204 socordia
322 2156 404 2221 atque
414 2149 523 2206 desidia
533 2151 638 2206 bonum
648 2150 736 2205 otium
747 2155 897 2216 conterere,

83 2235 176 2299 nequa
190 2241 257 2280 vero
272 2229 369 2298 agium
381 2226 497 2282 colendo
517 2235 566 2283 aut
582 2225 724 2291 venando,
745 2228 898 2286 servilibus

82 2302 186 2358 officiis
197 2302 349 2366 intentum,
371 2310 593 2377 aetatemagera,
616 2301 679 2368 sed,
699 2319 780 2376 aquo
788 2305 899 2377 incepto

83 2379 235 2450 studioque
255 2393 299 2432 me
320 2377 434 2434 ambitio
453 2380 525 2435 rnala
545 2379 713 2446 detinuerat,
736 2379 833 2436 eodem
854 2398 900 2435 re-

83 2471 213 2529 gressus,
230 2454 313 2508 statui
324 2469 368 2509 res
378 2463 470 2528 gestas
480 2455 578 2528 populi
589 2455 705 2512 Romani
715 2458 847 2529 carptim,
869 2464 899 2512 ut
925 2513 928 2520 ,

84 2546 214 2602 quaeque
224 2531 356 2585 memoria
367 2530 452 2604 digua
463 2528 643 2596 videbantur,
660 2533 847 2604 perscribere:
867 2549 899 2588 eo

86 2608 191 2681 magis,
209 2604 284 2677 quod
295 2605 365 2660 milri
376 2623 391 2660 a
402 2622 465 2677 spe,
485 2615 575 2671 metu,
591 2609 718 2679 partibus
727 2607 900 2679 reipublicae

86 2685 197 2738 animus
208 2679 280 2736 liber
292 2690 360 2736 erat.

142 2758 230 2830 Igitur
244 2757 278 2812 de
290 2757 423 2813 Catilinae
433 2758 635 2823 coniuratione,
651 2775 734 2888 qux}
746 2758 899 2813 verissume
