2070 3036
227 201 518 249 IUGUllTHlNUhL
540 203 619 248 CAP.
639 201 745 249 iol-lb.
858 197 892 252 79

142 301 272 359 XXXIV.
283 301 398 368 Deinde,
411 301 463 358 ubi
471 299 618 360 Memmius
629 299 745 359 dicundi
755 304 839 361 finem
850 304 892 361 ia·

83 379 139 443 eit,
166 387 193 433 at
203 377 336 452 Iugurtha
345 378 513 450 respondere
526 377 620 432 iussus
636 387 691 444 est,
713 379 744 436 C.
759 381 889 448 Baebius,

83 453 217 510 tribunus
227 453 329 526 plebis,
336 470 422 526 quem
432 454 550 526 pecunia
555 461 712 524 correptum
722 472 806 526 supra
815 457 891 512 dixi-

83 545 160 593 mus,
172 543 266 600 regem
276 537 366 585 meere
377 529 468 586 iubet:
484 547 516 586 ae
526 529 636 586 tametsi
646 530 806 598 multitudo,
819 552 890 606 quaa

84 607 116 660 in
137 605 268 660 eoneions
289 603 397 671 aderat,
421 605 600 663 vehementer
617 621 747 672 aceensa,
771 611 891 666 terrebat

82 697 150 736 eum
160 678 292 745 elamore,
309 680 404 745 vultu,
420 698 504 755 saepe
514 682 621 753 impetu
632 690 714 755 atque
725 683 789 740 aliis
799 688 891 742 omni-

83 757 150 820 bus,
162 771 234 826 quae
243 755 284 810 ira
295 755 355 812 lieri
365 766 452 812 amat:
468 759 536 813 visit
545 764 636 813 umen
645 758 830 830 impudentia.
852 764 889 818 lta

83 831 223 904 populus,
236 829 359 887 ludibrio
369 831 496 899 habitus,
508 850 544 889 ex
553 834 684 890 eoneione
694 833 827 894 discedit:
844 839 890 892 lu-

81 906 203 980 gurthae
224 906 387 979 Bestiaeque
405 917 432 964 et
454 909 568 975 ceteris,
598 925 669 982 quos
692 910 740 967 illa
762 913 889 986 quaestio

82 981 258 1055 exagitabat,
273 983 360 1038 animi
371 993 534 1058 augescunt.

138 1057 256 1115 XXXV.
275 1057 341 1114 Erat
354 1075 387 1116 ea
401 1067 563 1133 tempestate
575 1059 677 1117 Romae
690 1062 812 1119 Numida
824 1065 889 1136 qui-

80 1133 164 1200 dam,
184 1135 295 1190 nomine
305 1135 441 1201 Massiva,
463 1135 601 1193 Gulussae
616 1136 704 1203 lilius,
725 1140 888 1197 Masinissae

80 1226 185 1282 nepos:
196 1211 260 1282 qui,
271 1212 339 1283 quia
348 1211 379 1266 in
388 1210 562 1267 dissensione
572 1228 670 1286 regum
680 1215 828 1289 iugurthae
839 1216 889 1271 ad-

81 1302 182 1342 versus
198 1284 302 1351 iuerat,
324 1285 418 1343 dedita
428 1287 501 1344 Cirta
516 1295 544 1343 st
558 1287 716 1346 Adherbale
733 1291 886 1357 interiecto,

79 1360 220 1435 presagus
230 1377 266 1417 ex
275 1360 369 1418 Africa
378 1363 494 1419 abierat.
514 1364 586 1419 lluie
595 1363 644 1436 Sp.
656 1365 789 1434 Albinus,
802 1369 826 1422 is
836 1368 886 1439 qui

79 1453 220 1509 proxumo
239 1454 310 1494 anno
328 1446 391 1510 post
407 1440 527 1496 Bestiam
547 1457 611 1496 eum
629 1439 662 1507 0.
677 1443 799 1499 Minucio
816 1442 888 1498 Rufo

79 1511 257 1568 consulatum
270 1513 397 1586 gerebat,
419 1515 581 1588 persuadet,
601 1518 734 1588 quoniam
748 1536 784 1574 ax
799 1519 885 1591 stirpe

79 1589 246 1646 Masinissae
256 1589 302 1654 sit,
315 1590 532 1664 Iugurthamque
541 1590 578 1646 ob
588 1591 692 1648 seelera
703 1582 811 1650 invidia
822 1611 886 1648 cum

80 1673 158 1721 metu
178 1673 289 1736 urgeat,
318 1681 435 1740 regnum
453 1665 601 1721 Numidiae
623 1667 657 1721 ab
678 1667 781 1726 Senatu
800 1677 884 1741 petat.

78 1738 190 1796 Avidus
196 1738 298 1796 Consul
304 1739 507 1814 belligerandi,
520 1741 636 1808 moveri,
647 1759 732 1814 quam
741 1760 886 1800 senescere

77 1815 175 1872 omnia
189 1814 324 1870 malebat.
363 1816 421 1888 lpsi
437 1817 583 1889 provincia
596 1818 742 1884 Numidia,
764 1819 886 1875 blinueio

78 1889 243 1948 Macedonia
257 1900 395 1948 evenerat.
434 1891 511 1959 Quae
528 1901 674 1966 postquam
691 1895 810 1950 Massiva
825 1895 886 1967 agi-
976 1887 987 1906 ’

78 1977 139 2038 tare
150 1965 254 2038 eoepit,
268 1982 357 2038 nequa
366 1967 517 2040 Iugurthae
527 1970 557 2023 in
567 1969 742 2026 amisissetis
752 1970 885 2040 praesidii

78 2045 136 2106 ast,
148 2040 226 2113 quod
235 2057 331 2096 aarum
341 2042 428 2098 alium
438 2044 621 2111 aemulantia,
634 2045 720 2101 alium
729 2044 802 2100 mala
812 2043 885 2100 fama

78 2126 107 2174 et
117 2119 200 2174 timor
210 2116 394 2188 impediebat:
414 2119 576 2185 Bomiloari,
595 2136 731 2194 proxumo
743 2136 775 2176 ae
786 2137 885 2176 maxu-

78 2210 125 2250 ma
136 2191 192 2248 fido
206 2192 276 2258 sibi,
293 2193 424 2266 imperat,
444 2195 547 2266 pretio,
567 2196 650 2252 sicuti
661 2195 748 2252 multa
757 2195 885 2252 eonieoe-

79 2278 131 2334 rat,
145 2268 322 2325 insidiatores
332 2269 469 2327 Massivae
479 2279 566 2343 paret,
580 2288 611 2327 ae
621 2288 751 2328 maxume
761 2271 882 2329 saeuite:

77 2346 124 2400 sin
134 2343 165 2402 id
173 2361 273 2418 parum
283 2345 423 2418 procedat,
435 2347 536 2418 quovis
546 2346 628 2403 modo
637 2346 787 2404 Numidam
798 2349 885 2405 inter-

79 2420 164 2476 lieiat
186 2420 323 2476 hamilear
333 2429 439 2476 matura
449 2422 523 2496 ragis
533 2422 663 2478 mandata
673 2424 844 2496 exsequitur,
858 2431 885 2480 et

78 2513 130 2569 per
144 2496 271 2552 hemines
285 2497 349 2553 talis
367 2497 471 2570 negotii
487 2497 607 2554 artifices
626 2498 727 2555 itinera
740 2515 884 2574 egressus-

78 2589 135 2644 que
145 2573 222 2638 eius,
233 2581 371 2644 postremo
382 2571 439 2628 laea
451 2581 533 2644 atque
543 2583 665 2647 tempora
676 2585 775 2630 cuneta
786 2574 883 2646 explo-

79 2656 134 2704 rat:
149 2647 262 2711 deinde,
274 2647 324 2704 ubi
335 2665 379 2704 res
388 2648 555 2720 postulabat,
569 2649 687 2706 insidias
697 2649 795 2706 tendit.
827 2648 884 2724 lgi-

80 2731 124 2777 tur
134 2740 206 2779 unus
221 2739 256 2778 ex
270 2739 302 2778 eo
316 2740 443 2789 numere,
465 2724 515 2796 qui
526 2725 560 2780 ad
571 2725 683 2783 eaedem
695 2726 784 2799 parati
794 2731 877 2780 erant·
