2070 3036
223 227 498 279 flls'rottlnttunt
517 233 767 281 FRAGMENTA.
813 243 820 254 ‘
845 229 894 284 ld!

88 346 151 394 tur:
180 335 285 408 quippe
300 341 375 388 metu
390 349 486 406 pacem
507 342 675 406 repetentes,
696 352 752 406 quo
772 335 895 396 habitam
953 343 957 350 '

89 413 252 468 amiserant.
291 409 429 482 Equidem
445 427 460 463 a
474 411 626 482 principio,
651 425 738 481 quum
756 411 895 469 Etruriam

88 489 248 550 coniurare,
270 485 591 557 proscriptosacoersiri,
613 485 809 558 largitionibus
823 505 896 543 rem-

87 561 234 638 publicam
248 561 363 617 lacerari
379 560 524 626 videbam,
543 559 739 616 maturandum
752 562 894 634 putabam,

88 648 118 695 et
128 639 219 695 Catuli
228 637 345 694 consilia
356 649 420 692 cum
430 637 528 708 paucis
539 645 651 692 secutus
662 653 735 691 sum.
746 702 748 706 s
766 636 895 694 Ceterum

87 710 147 778 illi,
171 713 326 786 quigentis
340 711 477 769 Aemiliae
497 711 641 768 benefacta
661 711 843 779 extollebant,
868 721 895 770 et

87 789 262 864 ignoscendo
276 787 412 860 populum
427 787 581 842 Romanum
602 787 824 862 magnitudinem
845 807 897 845 au-

88 868 177 930 xisse,
189 881 327 936 nusquam
337 864 420 918 etiam
431 870 489 918 turn
500 861 638 936 Lepidum
650 879 828 937 progressum
838 866 897 920 aie-

88 943 171 1009 bant3
194 948 221 996 et
235 956 322 1012 quum
333 941 442 1012 privata
456 956 530 994 arma
544 937 747 1012 opprimundae
758 939 895 997 libertatis

88 1017 225 1090 cepisset,
235 1015 291 1072 sibi
300 1015 420 1086 quisque
429 1031 496 1086 opes
507 1023 555 1070 aut
563 1015 716 1088 patrocinia
725 1016 893 1087 quaerendo,

87 1092 240 1150 consilinm
250 1090 397 1163 publicum
408 1098 600 1164 corruperunt.
630 1088 734 1146 Attum
744 1099 801 1147 erat
811 1093 896 1164 Lepi-

87 1169 144 1225 dus
159 1165 228 1223 latro
243 1184 307 1224 oum
321 1165 467 1221 calonibus
482 1173 509 1221 et
523 1166 621 1237 paucis
636 1166 760 1232 sicariis,
776 1183 896 1239 quorum

87 1261 173 1302 nemo
183 1243 282 1299 diuma
292 1241 420 1300 mercede
429 1241 515 1297 vitam
525 1243 687 1298 mutaverit:
698 1259 773 1298 nunc
781 1252 823 1299 est
831 1261 896 1316 pro-

88 1319 188 1377 consul
199 1333 263 1374 oum
273 1317 405 1391 imperio,
417 1333 472 1372 uon
482 1325 569 1381 emto,
582 1317 632 1374 sed
641 1317 705 1373 dato
716 1335 730 1373 a
741 1319 896 1376 vobiscum

88 1395 190 1471 legatis
206 1394 297 1450 adbuc
312 1395 372 1450 iure
381 1392 559 1466 parentibus:
576 1401 603 1449 et
614 1392 648 1448 ad
660 1411 724 1449 eum
735 1398 896 1450 concurrere

87 1473 218 1530 homines
228 1471 354 1526 omnium
363 1469 494 1527 ordinum
505 1471 731 1541 corruptissumi,
748 1467 895 1543 flagrantes

87 1549 185 1620 iuopia
197 1556 224 1603 et
234 1545 451 1620 cupiditatibus,
467 1545 605 1600 scelerum
620 1545 789 1600 conscientia
799 1545 896 1618 exagi-

87 1626 156 1689 tati,
179 1621 284 1696 quibus
299 1622 380 1694 quies
394 1622 424 1676 in
438 1619 639 1683 seditionibus,
661 1619 691 1674 in
710 1637 779 1691 pace
799 1621 896 1676 turbae

88 1708 171 1757 aaut:
191 1698 221 1753 hi
231 1695 386 1754 'tumultum
401 1712 437 1751 ex
446 1694 583 1759 tumultu,
605 1693 711 1750 bellum
722 1695 897 1752 exbollose·

87 1784 169 1841 runt,
185 1773 328 1830 Saturnini
343 1771 426 1836 olim,
442 1778 504 1842 post
517 1767 652 1842 Sulpicii,
669 1769 735 1826 dein
749 1771 829 1828 Marii
843 1773 896 1828 Da-

88 1851 281 1924 masippique,
295 1865 369 1904 nanc
379 1846 478 1920 Lepidi
489 1845 633 1901 satellites.
660 1845 803 1901 Praeterea
813 1847 896 1902 Etru-

88 1930 131 1984 rla
144 1936 228 1998 atque
242 1941 338 1980 omnes
353 1923 488 1996 reliquiae
503 1921 572 1978 belli
591 1929 725 1993 arrectas:
747 1923 896 1996 Hispaniae

88 2004 176 2060 armis
189 2001 366 2058 sollicitatae:
388 1997 563 2056 Mithridates
577 1999 606 2054 in
621 1997 704 2052 latere
716 1999 896 2071 vectigalium

89 2087 260 2141 noseorum,
281 2076 385 2148 quibus
401 2070 492 2130 adhuc
507 2081 708 2137 sustentamur,
731 2071 805 2128 diem
821 2073 895 2128 bello

89 2153 295 2224 circumspicit:
308 2153 378 2224 quin
389 2158 497 2224 praeter
506 2149 640 2206 idoneum
651 2148 751 2204 ducem
762 2149 833 2204 nihil
846 2149 896 2205 ab·

89 2239 132 2286 est
141 2229 176 2286 ad
186 2227 409 2284 subvortundum
423 2225 583 2299 imperium.
623 2223 703 2292 Quod
718 2240 769 2298 ego
784 2241 895 2281 vosoro

89 2315 172 2380 eurus
182 2304 311 2369 obsecro,
327 2304 420 2358 Patres
431 2301 597 2374 conscripti,
613 2309 644 2356 nt
657 2299 893 2366 animadvertatis,

89 2400 146 2439 neu
155 2381 301 2455 patiamini
313 2378 454 2434 licentiam
465 2377 615 2441 scelerum,
632 2375 713 2448 quasi
725 2375 844 2443 rabiem,
860 2376 895 2432 ad

89 2459 213 2532 integros
224 2451 372 2531 [contactu]
384 2451 544 2526 procedere.
564 2452 645 2516 Nam,
658 2451 707 2506 ubi
717 2453 805 2509 malos
815 2470 895 2525 prae-

89 2535 145 2591 mia
155 2541 319 2605 sequuntur,
335 2529 411 2585 haud
422 2527 504 2584 lacile
513 2529 665 2600 quisquam
674 2529 794 2602 gratuito
806 2529 894 2585 liunus

90 2619 142 2666 est.
182 2607 224 2664 An
235 2607 416 2680 exspectatis,
433 2603 516 2668 dum,
532 2603 656 2659 exercitu
666 2621 763 2660 rursus
775 2605 892 2666 admoto,

90 2685 163 2742 ferro
174 2691 256 2756 atquc
266 2680 376 2738 tiammo
386 2680 484 2736 urbem
495 2677 627 2735 invadat?
640 2679 715 2752 quod
730 2679 817 2740 multo
830 2696 894 2728 nro-

137 2777 155 2812 *a
167 2769 210 2815 est
221 2757 257 2814 ob
268 2773 315 2824 ao,
336 2773 391 2830 quo
406 2757 506 2833 agitat,
527 2763 599 2812 statu
635 2772 720 2827 quam
734 2773 757 2804 a·
