2070 3036
147 215 180 269 90
303 224 330 270 C.
348 221 404 272 GR.
425 218 634 270 santuanlt
651 221 805 270 BELLUM

145 331 301 396 porrectum
319 324 480 390 docuimus,
507 324 653 398 Iugurtha,
679 333 828 384 extenuata
845 341 959 382 sucrum

146 399 220 465 acie,
243 401 383 457 consedit:
405 401 561 474 elephantis
576 409 603 456 et
617 401 689 474 parti
708 401 855 475 copiarum
873 401 960 474 pede-

145 475 245 531 strium
258 477 438 534 Bomilcarem
452 475 600 550 pracfecit,
621 493 742 549 eumque
756 476 869 543 edocet,
888 494 959 550 quae

145 560 252 625 ageret:
274 555 336 625 ipse
349 555 462 626 propior
475 561 597 610 montem
613 554 766 609 cumomni
787 554 915 626 equitatu
934 563 960 608 et

144 625 288 699 peditibus
299 628 415 686 delectis
425 646 490 684 suos
500 629 629 686 collocat:
637 628 703 686 dein
713 629 842 704 singulas
852 637 959 685 turmas

145 711 173 759 et
182 704 340 777 manipulos
350 706 518 761 circumiens
528 713 620 761 monet
629 713 712 777 atque
722 705 892 771 obtestatur,
905 705 957 771 uti,

146 796 281 835 memores
291 781 426 854 pristinae
436 781 548 838 virtutis
558 789 585 838 et
595 781 736 846 victoriae,
750 797 815 838 sese
825 797 961 855 regnum·

145 871 200 927 que
210 872 293 911 suum
302 857 337 912 ab
348 857 533 914 Romanorum
543 856 828 916 auaritiadeiendant:
841 856 962 912 cumbis

144 940 282 989 certamen
298 931 369 998 lore,
393 949 464 1006 quos
479 943 558 990 antea
574 933 661 989 victos
679 931 733 989 sub
753 933 853 1008 iugum
872 934 963 989 mise

144 1007 213 1064 rint:
235 1007 335 1064 ducem
348 1007 417 1075 illis,
438 1026 493 1066 non
507 1009 640 1076 animum,
661 1017 812 1066 mutatum:
834 1025 909 1082 quae
923 1009 964 1066 ab

144 1083 309 1156 imperatore
319 1083 477 1151 decuerint,
488 1085 581 1142 omnia
591 1085 652 1140 suis
662 1086 787 1157 provisa3
805 1086 964 1142 looumsu-

143 1159 294 1231 pariorem,
316 1169 347 1216 ut
357 1159 508 1233 prudentes
518 1178 583 1216 cum
592 1161 745 1233 imperitis,
766 1179 801 1217 ne
810 1161 963 1236 pauciores
1025 1199 1026 1222 t

144 1234 358 1308 cumpluribus,
370 1243 418 1292 aut
427 1237 512 1294 rudes
521 1254 585 1294 cum
593 1236 667 1293 bellc
673 1237 837 1294 melioribus
843 1253 962 1293 manum

144 1319 331 1381 consererem
353 1311 471 1386 proinde
482 1313 569 1385 parati
579 1313 735 1386 intentique
746 1321 853 1379 ament,
873 1313 962 1388 signo

144 1385 207 1443 dato
217 1387 353 1444 Romanos
364 1389 510 1445 invadere:
530 1389 612 1445 illum
622 1387 698 1444 diem
708 1397 862 1446 antemnas
878 1388 964 1444 labo-

144 1480 187 1518 res
198 1471 225 1519 et
234 1463 366 1520 victorias
376 1465 616 1530 confirmaturum,
637 1473 686 1520 aut
700 1481 896 1522 maxumarum
911 1482 963 1520 ae-

143 1555 306 1594 rumnarum
316 1541 429 1598 initium
440 1541 507 1598 iore.
547 1539 589 1598 ld
600 1537 652 1596 hoc
663 1541 782 1608 viritim,
803 1541 847 1598 uti
856 1556 963 1612 quem-

143 1631 198 1687 que
208 1614 244 1671 cb
255 1615 375 1673 militare
387 1616 623 1691 lacinuapecunia
634 1616 793 1674 anthenore
806 1615 959 1684 extulerat,
1027 1627 1028 1676 l

142 1690 378 1749 commonefacere
388 1691 517 1752 beneficii
528 1695 674 1751 suieteum
684 1693 778 1767 ipsum
787 1692 852 1749 aliis
862 1700 962 1748 ostea-
1027 1687 1028 1702 ¹

143 1773 214 1823 tare:
240 1777 393 1840 postremo,
418 1787 469 1843 pro
483 1773 620 1843 cuiusque
633 1769 760 1844 ingenio,
785 1767 958 1842 pollicendo,

143 1842 312 1910 minitando,
337 1845 515 1910 obtestando,
541 1845 628 1902 alium
647 1846 702 1902 alio
716 1843 798 1900 modo
817 1845 957 1902 excitare:
1027 1845 1028 1886 t

142 1919 351 1988 quominterim
361 1918 502 1985 Metellus,
524 1920 639 1994 ignarus
650 1920 785 1987 hostium,
805 1928 898 1976 monte
907 1920 961 1976 de·
1027 1925 1028 1990 l

141 1991 272 2064 grediens
292 2012 357 2051 cum
376 1996 500 2050 exercitu
519 1995 708 2069 conspicatur:
732 1997 823 2070 primo
838 1995 957 2061 dubins,
1027 1997 1028 2064 ζ

141 2068 278 2138 quidnam
292 2069 404 2127 insolita
419 2069 504 2126 iacies
523 2070 694 2142 ostenderet;
716 2071 792 2148 (nam
809 2073 882 2128 inter
896 2071 959 2128 vir-

142 2143 220 2216 gulta
238 2146 304 2218 equi
322 2145 515 2218 Numidaeque
539 2146 733 2214 consederant,
763 2165 853 2220 neque
872 2147 959 2220 plane

141 2219 272 2276 occultati
292 2221 449 2278 humilitate
469 2220 613 2289 arborum,
639 2232 790 2288 ettamen,
819 2222 957 2295 quidnam

142 2302 228 2360 esset,
245 2295 359 2363 incerti,
375 2315 462 2370 quum
472 2305 569 2354 natura
580 2298 648 2363 loci,
660 2307 719 2355 tum
730 2298 794 2354 dolo
803 2299 860 2372 ipsi
871 2307 957 2371 atque

141 2369 222 2444 signa
232 2370 364 2428 militaria
374 2372 541 2446 obscurati3)
561 2372 641 2440 dein,
662 2374 741 2430 brevi
753 2373 957 2447 cognitisinsi·

142 2441 211 2511 diis,
232 2444 388 2520 paullisper
397 2466 496 2523 agmen
507 2449 660 2508 constituit.
699 2449 756 2514 lbi,
777 2451 955 2507 commutatis

141 2519 302 2587 ordinibus,
322 2523 352 2578 in
364 2523 460 2581 dextro
471 2524 569 2592 latere,
589 2525 665 2598 quod
677 2541 846 2598 proxumum
859 2524 955 2582 hostes

143 2607 214 2664 erat,
230 2596 389 2669 triplicibus
399 2599 536 2654 subsidiis
547 2601 634 2657 aciem
645 2599 791 2655 instruxit:
811 2600 884 2656 inter
893 2617 955 2658 ma·

144 2674 254 2748 nipulos
265 2670 418 2728 funditores
427 2681 455 2726 et
465 2673 622 2744 sagittarios
633 2673 774 2744 dispertit:
796 2676 955 2744 equitatum

144 2767 253 2808 omnem
262 2749 291 2806 in
301 2747 432 2804 cornibus
441 2745 525 2801 locat:
542 2763 574 2802 ac
583 2763 672 2818 pauca
681 2761 731 2818 pro
742 2755 863 2820 tempore
876 2751 955 2808 mili·

489 2945 654 3014 A
