2070 3036
140 225 187 278 ibo
340 227 368 274 0.
388 227 520 275 CRISPI
538 226 746 273 sALLUsTu

139 329 286 388 eoncordia
301 330 336 386 ad
351 346 426 384 arma
441 328 552 383 civilia:
569 326 699 400 queeille
711 326 865 384 adversum
877 329 951 385 divi·

140 425 174 463 na
184 419 211 462 et
221 407 342 462 bumana
352 405 446 461 omnia
457 405 545 475 cepit,
562 420 617 459 non
628 419 678 475 pro
688 419 754 468 sua,
773 413 822 460 aut
831 421 952 477 quornm

140 484 266 546 simulat,
282 482 400 544 iniuria,
416 480 467 535 sed
482 481 575 553 legum
586 497 619 534 ae
630 478 766 535 libertatis
780 480 953 536 subvertun-

140 561 201 615 dae.
242 560 361 631 ringitur
376 557 450 611 enim
466 573 498 611 ae
514 557 650 611 laceratur
664 555 751 610 animi
766 555 905 628 cupidine
919 573 953 611 ex

141 653 274 691 noxarum
288 645 377 696 metu,
393 649 494 703 expers
504 631 631 696 consilii,
644 629 771 702 inquies,
787 630 858 687 baec
870 641 955 704 atque

141 713 189 768 illa
201 720 321 778 tenlaus3
344 709 442 764 metuit
451 708 555 772 otium,
571 706 762 773 oditbellum;
784 707 858 762 luxu
869 717 956 780 atque

142 789 254 842 licentia
269 785 419 841 carendum
435 783 528 848 videt,
545 793 629 855 atque
642 782 754 837 interim
765 782 894 839 abutitur
905 801 957 839 vo-

141 873 195 918 stra
207 862 343 918 socordia.
371 861 468 931 Neque
478 859 550 914 mibi
560 860 628 914 satis
638 857 750 912 consilii
761 866 817 922 est,
834 868 954 924 metum,

140 958 175 994 an
187 939 340 1012 ignaviam,
350 954 384 991 an
394 935 564 990 dementiam
575 951 635 990 eam
646 932 786 1006 appellem
794 954 800 988 z
808 935 861 1006 qui
872 933 958 991 vide-

142 1016 211 1070 mini
229 1016 332 1069 intenta
346 1011 417 1068 mala
430 1013 512 1082 quasi
523 1011 629 1067 fulmen
639 1019 735 1082 optare
744 1027 774 1063 se
783 1010 909 1082 quisque
919 1028 958 1066 ne
1030 1071 1031 1082 χ

143 1091 271 1163 attingat,
286 1089 336 1144 sed
347 1086 495 1160 probibere
506 1104 540 1142 ne
551 1085 644 1142 conari
655 1084 782 1157 quidem.
803 1086 838 1140 Et
848 1101 958 1158 quaeso

141 1166 328 1226 considerate,
341 1179 426 1234 quam
436 1179 673 1222 conversaretum
684 1169 782 1216 natura
792 1161 841 1216 sit.
865 1161 958 1218 Antea

143 1241 247 1296 malum
258 1239 404 1312 publicum
413 1239 536 1302 occulta,
552 1237 657 1293 auxilia
669 1236 761 1306 palam
772 1236 958 1294 instrueban-

142 1326 200 1380 tur,
222 1325 249 1372 et
263 1333 295 1370 eo
310 1314 376 1370 boni
391 1314 479 1368 malos
495 1312 576 1368 labile
591 1311 747 1367 anteibant:
770 1328 847 1367 nune
857 1329 916 1384 pax
927 1323 959 1370 et

143 1391 288 1448 eonmrdia
300 1387 607 1460 disturbanturpalam3
628 1385 817 1445 defenduntur
829 1389 956 1446 oeculte.
1030 1439 1031 1454 ,

142 1468 251 1536 Quibus
271 1467 320 1523 illa
340 1465 465 1538 placent,
492 1465 522 1518 in
542 1464 627 1519 armis
647 1471 726 1518 sunt:
753 1478 803 1518 voa
818 1463 849 1518 in
864 1475 956 1522 metu.
1030 1457 1031 1470 ¹

143 1543 216 1612 Quid
232 1540 418 1616 exspectatis?
434 1541 489 1597 nisi
505 1539 573 1596 forte
583 1539 671 1612 pudet
680 1548 727 1594 aut
737 1538 814 1611 piget
825 1550 903 1596 recte
914 1539 959 1598 la-

143 1639 215 1676 cere.
256 1619 298 1676 An
313 1617 413 1691 Lepidi
423 1616 552 1673 mandata
561 1617 667 1672 animos
681 1611 810 1668 movent?
828 1617 880 1686 qui
892 1617 958 1689 pla-

144 1714 206 1752 oere
217 1697 269 1761 ait,
282 1713 333 1750 sua
343 1696 446 1767 cuique
457 1692 553 1758 reddi,
568 1701 595 1748 et
605 1692 694 1747 aliena
706 1698 794 1744 tenet:
811 1689 882 1747 belli
893 1693 958 1748 iura

143 1771 282 1835 rescindi,
303 1787 391 1844 quum
407 1771 469 1842 ipse
485 1770 569 1824 armis
582 1775 675 1840 cogat:
697 1765 839 1821 civitatem
851 1767 959 1824 conlin-

144 1850 223 1914 mari‚
237 1849 286 1921 qui
297 1848 454 1918 ademptam
465 1841 730 1918 negatzconcordiae
738 1838 956 1921 gratia[plebei]

144 1923 324 1996 tribuniciam
335 1930 498 1995 potestatem
509 1920 628 1984 restitui,
636 1935 671 1974 ex
681 1917 959 1990 quaomneediseor·

144 2001 208 2058 diae
223 2017 365 2056 accensae.
405 1999 537 2053 Pessime
556 1998 681 2051 omnium
699 2002 781 2065 atque
800 1993 958 2065 impuden-
1029 2033 1030 2058 r

145 2080 276 2141 tissurne‚
292 2076 380 2132 tibine
396 2082 504 2148 egestas
519 2073 625 2127 civium
641 2079 667 2126 et
681 2069 772 2126 luctus
783 2086 866 2125 curae
876 2079 955 2138 eunt,
1029 2081 1030 2128 l

145 2153 191 2208 cui
203 2153 274 2208 nibil
286 2161 328 2208 est
338 2151 427 2215 domi,
451 2149 506 2204 nisi
518 2149 602 2203 armis
613 2155 724 2220 partum
733 2154 781 2201 aut
790 2163 840 2218 per
850 2146 957 2202 iniuri·
1029 2147 1030 2200 l

145 2227 209 2283 arn?
219 2227 344 2284 Alterum
355 2225 528 2282 consulatum
538 2227 621 2311 petis,
632 2223 713 2296 quasi
723 2222 845 2295 primum
856 2222 956 2278 reddi·
1029 2205 1030 2286 l

146 2302 235 2359 daris:
249 2303 324 2360 bello
333 2301 509 2358 concordiam
519 2301 641 2371 quaeris,
656 2315 712 2371 quo
723 2306 800 2370 parta
811 2297 956 2361 disturba·
1029 2287 1030 2370 l

145 2387 204 2434 tur:
220 2379 306 2434 nostri
317 2377 454 2451 proditor,
466 2376 529 2431 istis
539 2374 657 2440 infidus,
670 2373 757 2429 hostis
766 2374 893 2430 omnium
904 2374 956 2432 bo·
1029 2371 1030 2386 ¹

146 2471 259 2510 norum:
281 2460 313 2509 ut
327 2464 353 2509 te
368 2469 459 2526 neque
472 2451 617 2506 hominum
629 2463 718 2520 nequo
729 2445 844 2502 deorum
855 2449 953 2520 pudet.

147 2547 216 2602 quos
227 2527 342 2602 perfidia
355 2538 402 2584 ant
411 2526 534 2600 periurio
548 2525 673 2580 violastil
693 2519 746 2588 Qui
761 2523 873 2593 quando
890 2525 954 2580 talis

146 2624 190 2670 es,
213 2619 324 2660 maneas
334 2603 363 2656 in
374 2603 510 2658 sententia
521 2608 548 2654 et
557 2601 677 2654 retineas
690 2613 779 2661 arma,
801 2607 828 2654 le
844 2597 951 2656 hortor:

147 2697 216 2744 neu,
233 2676 403 2751 prolatandis
417 2671 617 2736 seditionibus,
637 2671 748 2725 inania-2
763 2671 839 2722 im.
856 2691 908 2730 nos
923 2677 953 2732 in

145 2750 475 2809 sollicitudineattineas.
515 2749 611 2816 Neque
860 2763 953 2823 aequo
