2070 3036
203 201 210 216 '
251 212 514 266 Jouunuruuu.
536 217 613 265 can.
633 220 739 266 re-ra,
852 211 885 265 at

214 336 220 368 ι
235 314 290 372 illis
305 317 439 390 praeclari
457 317 587 374 facinoris
602 335 697 375 casum
713 319 792 390 dare3
815 322 840 376 si
854 322 886 378 id

27 333 83 469 Q
100 455 108 475 φ
206 433 211 456 ,
233 403 325 466 postea
341 395 550 468 seseinregno,
572 395 635 450 illos
646 397 675 450 in
687 396 813 452 libertate
824 399 885 453 sine
982 450 990 458 .

187 475 286 531 ,elatem
302 480 421 526 acturos.
461 471 500 526 Ao
514 473 543 526 ni
558 473 661 526 Marius
681 474 762 546 signa
782 472 884 528 inferre

155 547 290 601 :evadere
301 545 404 619 oppido
416 549 633 619 properaviseet,
655 547 777 619 prolecto
791 550 883 604 cuncti

115 669 126 687 ,
138 637 309 694 magnopere
321 623 494 678 Siccensium
507 622 588 677 fidem
601 625 798 688 mutavissent;
811 633 885 680 tanta

7 719 8 730 ¹
78 699 233 768 ¹nobilitate
244 717 304 754 sese
315 698 451 754 Numidae
467 709 562 772 agunt.
603 698 657 754 Sed
673 701 775 755 milites
787 701 885 772 lugur-

73 775 163 836 thini,
176 775 369 847 paullisperab
381 792 445 848 rege
455 776 611 839 sustentati,
624 785 770 847 postquam
782 777 884 832 maiore

7 907 8 926 ,
74 854 107 909 vi
119 851 212 906 hostes
224 861 336 925 urgent,
353 852 450 923 paucis
460 852 585 915 amissis,
601 850 711 924 profugi
724 851 883 908 discedunt.

135 927 214 983 LVll.
235 929 338 983 Marius
352 927 386 982 ad
398 929 506 982 Zamam
518 929 655 998 perveni-t.
696 927 725 982 ld
736 927 882 999 oppidum,

72 1008 106 1062 in
117 1019 215 1075 eampo
225 1005 320 1067 eitum,
329 1004 417 1077 magis
428 1021 520 1075 opere,
533 1019 616 1075 quam
628 1013 733 1067 natura,
745 1006 884 1060 munitum

72 1091 149 1144 orat,
172 1081 276 1136 nullius
287 1081 403 1136 idoneae
413 1081 453 1134 rei
465 1095 563 1152 egene,
585 1080 669 1134 armis
680 1081 805 1152 virisque
814 1097 885 1154 opu-

73 1159 193 1214 lentum.
234 1159 321 1230 lgitur
341 1156 481 1219 MetelluS,
514 1173 563 1227 pro
581 1164 702 1227 tempore
722 1167 805 1229 atque
826 1158 884 1214 loco

71 1234 180 1308 paratis
196 1233 292 1296 rebus,
314 1242 412 1288 cuncta
428 1232 533 1288 moenia
547 1235 671 1290 exercitu
683 1233 881 1292 circumvenit:

72 1312 175 1385 legatis
186 1310 317 1380 imperat,
330 1309 379 1363 ubi
390 1310 511 1382 quisque
522 1317 640 1364 curaret.
673 1309 789 1373 Deinde,
803 1313 883 1384 signo

72 1387 154 1451 dato,
179 1385 305 1458 undique
325 1386 409 1440 simul
431 1387 534 1440 clamor
549 1386 649 1460 ingens
663 1388 764 1450 uritur,
793 1403 884 1459 neque

72 1481 106 1521 ea
118 1479 162 1518 res
173 1462 308 1517 Numidas
318 1471 413 1528 terret3
426 1461 529 1517 inlansi
540 1463 696 1534 intentique
706 1463 767 1518 sine
779 1463 884 1518 tumul·

71 1550 103 1597 tn
116 1547 242 1594 manent:
265 1539 401 1611 proelium
413 1539 557 1609 incipitur.
598 1539 727 1600 Romani,
744 1540 883 1612 proinge-

71 1617 121 1672 nio
137 1617 272 1687 quisque,
294 1630 358 1686 pars
374 1615 483 1668 eminus
498 1613 600 1686 glande
615 1623 662 1668 aut
677 1614 818 1685 lapidibus
830 1631 884 1686 pu-

70 1708 174 1768 gnare,
200 1690 248 1746 alii
268 1689 432 1754 succedere,
455 1706 486 1744 ac
505 1705 615 1744 murum
636 1689 717 1744 modo
734 1690 881 1754 sullodere,

69 1767 156 1824 modo
172 1766 256 1822 scalis
271 1764 400 1842 aggredi:
431 1781 533 1835 cupere
548 1765 685 1837 praelium
704 1767 734 1822 in
753 1767 883 1822 manibus

72 1845 177 1901 lacere.
215 1842 315 1899 Contra
324 1859 357 1898 ea
366 1841 499 1913 oppidani
512 1841 540 1896 in
550 1857 700 1914 proxumos
710 1858 776 1898 saxa
787 1843 884 1899 volve·

69 1939 117 1988 re,
140 1917 239 1983 audes,
261 1919 333 1991 pila,
356 1926 496 1992 praeterea
511 1919 574 1989 pice
586 1919 722 1992 sulphure
735 1928 762 1974 et
775 1919 883 1976 taedam

70 1997 190 2053 mixtam
202 1994 324 2051 ardentia
337 1995 455 2050 mittere.
496 1994 552 2050 Sed
566 2013 600 2050 ne
611 1996 675 2059 illos
684 1994 813 2068 quidem,
832 1996 883 2067 qui

70 2072 170 2148 procul
183 2079 353 2137 manserant,
365 2073 447 2128 timor
456 2073 542 2127 animi
553 2073 620 2127 eatis
632 2073 802 2138 muniverat3
820 2089 882 2127 narn

69 2151 223 2224 plerosque
234 2149 337 2214 iacula,
353 2150 496 2205 tormentis
507 2157 555 2203 aut
565 2165 647 2203 mann
658 2149 773 2212 emissa,
787 2148 884 2204 volne-

7 2249 8 2298 3
70 2227 185 2292 rabant;
204 2227 320 2298 parique
331 2225 470 2298 periculo,
487 2225 537 2280 aed
548 2223 621 2280 lama
632 2225 746 2296 impari,
764 2224 830 2280 boui
841 2233 884 2281 at·

7 2311 8 2316 ’
72 2321 130 2378 que
141 2304 238 2375 ignavi
249 2311 335 2357 erant.

131 2377 223 2436 LVlll.
244 2379 314 2432 Dum
329 2375 403 2450 apud
413 2377 525 2432 Zamam
540 2375 582 2432 sic
595 2382 729 2441 certatur,
750 2377 882 2452 Iugurtha

71 2473 108 2513 ex
122 2453 277 2526 improviso
290 2463 378 2509 castra
390 2453 511 2508 hostiurn
521 2469 586 2508 eum
598 2469 697 2526 magna
708 2469 790 2510 mann
803 2455 884 2510 inva-

70 2533 128 2589 dit:
141 2530 277 2594 remissis,
292 2531 341 2601 qui
353 2529 381 2584 in
393 2527 533 2601 praesidio
542 2539 627 2593 erant,
641 2538 668 2584 et
677 2531 770 2586 omnia
782 2532 881 2604 magis,

71 2624 158 2682 quam
174 2602 325 2679 praelium,
351 2605 592 2679 exspectantibus,
619 2614 725 2678 portam
740 2608 882 2679 irrumpit.

7 2689 8 2692 ’
71 2687 107 2743 rit
118 2684 220 2748 nostri,
239 2683 382 2754 repentino
393 2691 468 2738 metu
479 2682 616 2756 perculsi,
636 2682 691 2738 eibi
701 2684 822 2756 quisque
834 2700 883 2756 pro

71 2759 198 2820 moribus
217 2759 379 2816 consulunt:
405 2759 455 2817 alii
475 2759 587 2835 lugere,
610 2759 659 2820 alli
679 2777 754 2816 arma
769 2776 880 2834 capere:

131 2837 277 2894 Saunusr.
