2058 3032
169 205 201 258 60
322 212 349 258 C.
369 211 425 259 GR.
444 211 649 258 aALLUsTss
667 213 820 260 BELLUM

169 321 311 384 exspecto:
328 321 419 370 tamen
429 322 486 367 erat
496 314 646 368 maiestatis
657 313 773 370 Romani
782 313 896 387 populi,
909 329 978 388 pro-

169 387 266 444 hibere
275 389 421 455 iniuriam,
436 406 527 460 neque
536 391 609 462 peti,
621 391 786 461 cuiusquam
796 406 914 464 regnum
925 407 978 462 per

169 464 261 520 scelus
271 481 404 521 crescere.
438 464 539 521 Verum
550 482 601 540 ego
612 465 657 522 his
667 465 771 521 finibus
784 467 888 521 eiectus
900 483 976 530 sum,

167 557 239 612 quos
253 541 405 598 maioribus
420 542 490 596 meis
505 541 627 615 populus
635 541 775 597 Romanus
786 541 877 607 dedit,
899 542 977 597 unde

168 626 246 688 pater
256 627 283 672 et
292 633 362 674 avus
372 633 450 672 meus
461 617 665 676 nnavobiscum
678 619 810 690 expulere
816 617 977 691 Syphacem

168 701 195 747 et
214 693 465 767 Carthaginienses.
514 694 610 751 Vestra
634 693 768 749 beneiicie
790 693 861 748 mihi
880 703 976 766 erepte

168 776 247 833 sunt,
268 769 361 824 Patres
376 770 539 842 conscripti;
560 787 610 826 vos
620 771 650 824 in
661 787 721 824 mea
735 767 839 824 iniuria
849 769 977 842 despecti

168 846 245 900 estis.
285 845 578 902 Ehenmemiserumi
600 846 737 911 flumine,
757 846 874 918 Micipsa
884 854 975 916 pater,

168 919 302 977 beneficia
312 929 360 978 tua
369 937 491 987 evasere,
504 923 554 986 uti,
562 938 645 994 quem
656 931 686 976 tu
696 938 790 993 parem
800 939 865 976 cum
877 921 976 978 liberis

167 997 224 1052 tuis
234 998 369 1070 regnique
379 997 543 1069 participem
553 995 658 1064 iecisti,
678 998 703 1054 is
713 997 899 1070 potissumum
910 999 977 1054 stir-

94 1137 98 1144 ,
119 1135 123 1144 ὁ
167 1072 212 1144 pis
223 1080 286 1128 tuae
296 1074 447 1128 exstinctor
455 1071 510 1128 sit‘i
522 1075 679 1146 Numquam
690 1089 755 1148 ergo
766 1071 872 1129 familia
882 1083 977 1129 nostre

167 1148 261 1219 quieta
272 1145 342 1204 criti
360 1165 506 1221 semperne
517 1150 546 1205 in
557 1151 708 1223 sanguiue,
727 1149 812 1214 ferro,
834 1148 901 1223 iuga
913 1167 978 1206 ver-

167 1221 311 1280 sabimur?
320 1225 391 1280 Dum
401 1224 643 1300 Carthaginienses
654 1225 807 1281 incolumes
818 1224 905 1290 fuere,
914 1227 977 1282 iure

167 1301 258 1356 omnia
270 1318 352 1356 sceva
361 1301 549 1373 patiebamur:
569 1301 661 1357 hostes
672 1302 707 1357 ab
717 1301 814 1365 latore,
830 1319 880 1356 vos
891 1304 976 1356 amici

167 1375 278 1448 procui,
308 1393 373 1450 spes
390 1378 481 1433 omnis
498 1379 528 1433 in
547 1378 631 1432 armis
650 1387 717 1433 erat.
757 1378 904 1449 Postquam
927 1378 976 1434 iilo

167 1451 254 1524 pestis
269 1452 298 1506 in
314 1451 407 1510 Africa
421 1454 508 1509 eiecto
525 1461 580 1520 est,
603 1453 667 1510 iacti
678 1471 774 1526 pacem
783 1451 975 1526 agitabamus:

167 1526 273 1601 quippe
288 1529 353 1600 quis
368 1527 456 1586 hostis
470 1529 565 1586 nuilus
580 1539 650 1594 erat,
672 1530 728 1584 nisi
743 1529 811 1585 forte
825 1545 910 1602 quem
927 1547 977 1588 vos

168 1604 333 1661 iussissetis.
371 1605 443 1662 Ecce
453 1614 545 1663 autern
555 1623 591 1662 ex
600 1607 753 1679 improviso
761 1605 907 1678 Iugurtha,
931 1607 977 1661 in-

168 1679 309 1738 toleranda
324 1682 453 1749 audacia,
474 1684 579 1740 scelere
593 1691 674 1755 atque
689 1681 820 1754 superbia
834 1698 896 1738 sese
910 1681 978 1737 effe-

168 1773 246 1824 rens,
268 1757 350 1815 fratre
367 1775 429 1814 meo
444 1769 527 1830 atque
542 1758 637 1815 eodem
653 1759 809 1830 propinquo
823 1774 874 1812 suo
889 1759 979 1816 inter-

168 1830 253 1900 iecto,
274 1834 395 1907 primum
411 1851 528 1908 regnum
539 1835 600 1888 eius
613 1833 726 1888 sceleris
737 1834 781 1888 sui
791 1833 923 1906 praedam
936 1834 978 1890 ie-

167 1907 219 1976 cit3
241 1919 317 1981 post,
336 1909 385 1966 ubi
402 1926 446 1964 me
459 1909 560 1972 iisdem
575 1909 647 1964 dalis
661 1910 759 1980 nequit
770 1926 881 1981 capere,
903 1909 976 1966 nihii

168 1983 262 2040 minus
271 2003 355 2059 quam
367 1985 423 2040 vim
434 1994 481 2039 eut
487 1984 592 2039 bellum
599 1986 851 2056 exspectantemin
857 1987 977 2058 imperio

169 2067 271 2127 vostro,
283 2061 367 2117 sicuti
378 2059 490 2124 videtis,
503 2067 637 2114 extorrem
649 2062 747 2132 patrio,
761 2061 851 2127 domo,
864 2062 977 2136 inopem

168 2143 195 2190 et
205 2145 364 2208 coopertum
374 2135 506 2202 miseriis,
524 2133 623 2201 effecit,
635 2145 666 2192 ut
675 2137 771 2194 ubivis
782 2138 879 2205 tutius,
892 2155 977 2211 quem

168 2209 198 2265 in
210 2227 271 2268 meo
280 2229 378 2287 regno,
390 2229 491 2268 essem.
529 2211 589 2285 Ego
599 2213 641 2268 sic
652 2213 869 2280 existumaham‚
882 2215 977 2271 Patres

169 2288 334 2362 conscripti,
355 2288 397 2345 uti
410 2286 617 2361 praedicentem
627 2290 790 2346 audiveram
799 2298 906 2362 patrem
917 2309 978 2346 me-

168 2379 230 2417 um:
252 2365 303 2434 qui
319 2373 439 2421 vostram
455 2363 606 2420 amicitiam
619 2365 908 2439 diligentercoierent‚
922 2381 978 2423 eos

169 2437 289 2496 muitum
311 2439 435 2496 laborem
458 2439 615 2513 suscipere;
647 2449 768 2496 ceterum
792 2458 827 2496 ex
845 2442 977 2498 omnibus

170 2531 301 2572 maxume
318 2523 392 2572 tutos
412 2533 483 2572 esse.
522 2514 602 2584 Quod
624 2516 654 2571 in
675 2515 780 2572 familia
800 2528 891 2574 nostra
912 2517 976 2585 fuit,

171 2593 321 2666 praestitit,
343 2593 384 2646 uti
398 2592 428 2646 in
443 2590 573 2648 omnibus
587 2591 672 2646 bellis
687 2592 796 2648 adesset
811 2593 905 2662 vobis;
927 2613 977 2652 nos

172 2671 215 2726 nti
229 2686 277 2744 per
289 2668 376 2725 otium
386 2668 439 2722 tuti
449 2666 552 2732 simus,
573 2669 603 2721 in
613 2683 697 2722 manu
707 2679 798 2724 vestre
809 2678 864 2732 est,
883 2670 977 2727 Patres

174 2746 332 2821 conscripti.
370 2744 507 2800 Peternos
518 2741 589 2797 duos
599 2739 696 2784 fratre-²
711 2743 836 2816 reliquit:
855 2748 976 2812 tertium.
