2058 3032
145 209 177 262 90
346 215 371 262 C.
393 215 523 262 cutem
543 217 750 263 SALLUSTII

144 317 251 372 occulte
270 325 382 392 pontem
401 317 543 374 obsidunt.
582 317 732 392 Postquam
747 316 826 374 adid
845 317 906 374 loci
927 317 971 374 le-

143 393 201 467 geti
212 409 276 447 oum
286 393 427 450 Volturcio
437 401 586 460 venerunt,
609 402 636 450 et
650 395 734 450 simul
749 393 895 467 utrimque
906 394 970 450 ela-

144 485 204 524 mor
223 477 335 525 exortos
354 477 409 534 est,
436 468 523 535 Gelli,
550 471 605 526 cito
619 471 729 546 cognito
743 471 875 536 consilio,
903 471 969 526 sine

144 561 219 600 mora
230 544 404 618 praetoribus
415 562 445 600 se
455 545 577 602 tradunt.
617 546 775 604 Volturcius
785 547 894 619 primo,
918 563 970 602 co-

144 621 268 678 hortatus
283 629 400 686 ceteros,
422 621 517 695 gladio
536 639 566 678 se
585 640 600 678 a
616 622 798 679 multitudine
816 621 965 692 defendit;

144 697 261 763 deinde,
283 697 334 752 ubi
353 715 368 752 a
387 696 486 770 legetis
505 697 631 754 desertus
649 707 704 764 est,
726 699 814 756 multa
830 699 915 771 prius
930 698 968 753 de

144 774 233 830 salute
243 791 293 829 sua
301 773 478 846 Pomptinum
490 773 656 841 obtestatus,
675 774 750 847 quod
762 774 787 830 ei
800 783 881 830 nctus
893 783 967 841 erat,

144 857 283 922 postremo
297 849 414 906 timidus
428 867 460 905 ac
475 851 548 907 vitae
563 849 709 918 diffidens,
732 851 810 908 velut
820 849 967 917 hostibus,

144 944 205 983 sese
215 926 392 982 Praetoribus
403 925 492 982 dedit.

199 1001 294 1060 XLVI.
306 1001 413 1070 Quibus
424 1002 509 1059 rebus
519 1002 667 1069 coniectis,
681 1003 775 1059 omnia
784 1019 904 1075 propere
915 1020 969 1076 per

144 1079 261 1134 nendos
276 1077 390 1134 Consuli
407 1078 591 1135 declarantur.
631 1083 666 1136 At
680 1079 762 1134 illum
780 1080 881 1153 ingens
897 1095 969 1134 eura

144 1163 227 1226 atque
251 1153 355 1210 laetitia
379 1155 464 1212 simul
491 1173 676 1228 occupavere;
707 1173 772 1210 nam
796 1153 965 1220 laetabatur,

145 1229 335 1286 coniuratione
351 1230 502 1304 patefacta,
525 1232 667 1287 civitatem
685 1231 820 1303 periculis
839 1239 967 1303 ereptam

146 1324 220 1364 esee:
240 1323 321 1380 porro
332 1315 425 1363 autem
435 1309 534 1364 anxius
545 1315 616 1372 erat,
639 1303 807 1384 [dubitaos,]
822 1307 852 1361 in
863 1324 968 1362 maxu-

145 1399 190 1440 mo
200 1384 305 1439 scelere
316 1384 400 1439 tantis
411 1383 522 1440 civibus
532 1382 724 1456 deprebensis,
740 1383 809 1456 quid
816 1383 886 1438 lacto
892 1399 966 1455 opus

145 1469 231 1530 eeset;
249 1475 369 1532 poenam
382 1457 495 1516 illoru'm
509 1459 564 1515 sibi
578 1461 670 1526 oneri,
692 1460 888 1532 impunitatem
899 1477 966 1532 per-

146 1536 257 1592 dundae
267 1536 439 1609 reipublicae
450 1535 508 1593 lore
518 1535 658 1592 credebat.
688 1537 789 1610 Igitur,
803 1535 964 1591 confirmato

146 1613 250 1678 animo,
276 1614 370 1669 vocari
389 1613 424 1669 ad
443 1631 505 1670 sese
519 1612 598 1670 iubet
612 1613 776 1678 Lentulum,
798 1611 961 1685 Cethegum,

146 1689 303 1755 Statilium,
325 1689 490 1756 Gabinium,
511 1690 578 1745 item
591 1688 624 1757 Q.
636 1689 800 1762 Coeperium
813 1687 961 1760 quemdam

146 1764 385 1830 Terracinensem,
406 1765 456 1838 qui
471 1767 500 1821 in
510 1765 641 1838 Apuliam
651 1765 687 1819 ad
697 1764 859 1820 concitanda
873 1765 964 1820 servi-

145 1841 184 1897 tia
194 1841 333 1915 proficisci
363 1840 466 1896 arabat.
494 1840 584 1896 Ceteri
594 1841 655 1895 sine
665 1856 740 1895 mora
751 1841 880 1895 veniunt:
894 1839 963 1896 Coe-

144 1919 255 1989 periue,
276 1917 342 1992 paul
386 1925 448 1972 ante
462 1916 544 1971 domo
558 1933 701 1989 egressus,
722 1917 832 1989 cognito
847 1915 961 1982 indicio,
1020 1945 1021 2020 1

146 1992 438 2067 exurbeprolugeret.
469 1989 572 2048 Consul
582 1991 744 2057 Lentulum,
766 1988 964 2064 quodPraetor

146 2078 212 2135 erat,
221 2071 282 2142 ipse
292 2087 376 2126 manu
386 2075 482 2124 tenens
491 2065 530 2143 [in
541 2065 677 2144 senatum]
684 2068 827 2141 perduoit3
839 2067 962 2142 reliquos
1020 2085 1021 2106 l

146 2163 211 2201 cum
230 2145 394 2202 custodibus
414 2145 444 2199 in
465 2143 561 2200 aedem
577 2143 745 2201 Concordiae
759 2145 854 2201 venire
873 2143 959 2200 iubet.

145 2222 187 2277 Eo
201 2221 333 2277 Senatum
349 2221 478 2285 advocet,
500 2225 657 2296 magnaque
673 2219 829 2293 frequentia
843 2220 903 2276 eius
916 2239 962 2276 or-

147 2297 222 2354 dinis
240 2297 415 2354 Volturcium
435 2314 499 2354 cum
518 2295 616 2371 legatis
636 2297 801 2354 introducit:
833 2295 959 2354 Flaccum

147 2375 301 2430 Praetorem
311 2375 447 2430 scrinium
458 2389 522 2430 com
533 2373 635 2440 literis,
657 2391 755 2448 quasa
776 2372 959 2448 legatisacee-

148 2459 239 2525 perat,
258 2449 355 2506 eodem
366 2450 474 2507 adferre
484 2449 573 2506 iubet.

205 2527 312 2585 XLVII.
323 2527 492 2592 Volturcius,
507 2527 691 2600 interrogatus
702 2523 737 2581 de
746 2525 856 2591 itinere,
872 2525 904 2582 de
914 2525 959 2585 lit-

151 2607 231 2672 teris,
251 2611 387 2678 postremo
404 2603 474 2676 quid
490 2610 536 2658 aut
549 2619 605 2674 qua
620 2599 655 2656 de
671 2617 768 2656 caussa
787 2601 895 2656 consilii
910 2603 958 2658 ba-

153 2683 273 2749 buiseet‚
293 2682 383 2754 primo
396 2677 499 2752 lingere
513 2677 581 2743 elia,
603 2675 781 2732 dissimulare
791 2676 826 2731 de
836 2677 958 2736 coniura-

154 2753 571 2834 tlone3p0st,ubifidepubl÷f·
594 2749 613 2768 '⁶
690 2751 955 2824 '·”useet,omnia,
1020 2779 1021 2794 r
