2070 3036
223 211 499 258 urseoltlaltuu
519 211 769 259 FRAGMENTA„
851 205 899 260 ll'l

94 330 145 378 ne,
163 313 235 368 alius
246 312 332 368 alium
342 313 497 386 principem
512 320 716 384 exspectantes,
734 321 795 370 ante
805 315 898 385 capiu-

94 387 181 454 mini‚
207 405 262 444 non
276 389 378 461 opibus
393 390 467 454 eius,
492 406 563 462 quae
582 387 677 444 futiles
697 398 723 444 et
754 398 897 462 corruptae

93 471 175 528 sunt,
192 462 494 529 sedvostrasocordin‚
511 481 595 536 quam
606 473 718 536 captum
727 465 763 519 iri
773 465 851 530 licet,
871 473 898 520 et

93 555 181 610 quam
192 539 291 595 audeat
301 548 356 595 tam
366 540 457 596 videri
469 539 588 595 felicem.
615 541 685 594 Nam
696 548 805 612 praeter
814 540 898 595 satel-

94 615 160 670 lites
175 617 402 680 commaculatos,
424 616 489 688 quis
504 615 600 670 eadem
615 614 690 671 volt?
711 624 757 671 aut
769 615 833 686 quis
843 633 898 670 non

92 689 189 745 omnia
205 699 322 757 mutata,
347 699 456 764 praeter
468 689 631 747 victoriam?
650 690 765 746 Scilicet
778 690 895 746 milites:

92 781 213 838 quorum
229 767 364 840 sanguine
379 766 495 822 Tarulae
511 766 665 840 Scyroque,
689 767 829 838 pessumis
839 782 898 820 ser-

92 857 208 905 vorum,
230 841 345 897 divitiae
360 851 454 914 partae
468 850 547 897 sunt:
570 860 618 907 an,
640 842 744 915 quibus
757 841 897 912 praelatus

90 917 123 971 in
138 917 349 988 magistratibus
362 918 510 990 capiundis
521 916 661 983 Fufidius,
685 918 785 972 ancilla
796 916 895 988 turpis,

91 991 231 1046 honorum
246 994 371 1047 omnium
385 991 680 1049 dehonestamentum?
694 995 789 1065 ltaque
800 1009 898 1047 maxu-

92 1083 169 1122 mam
184 1067 255 1121 mihi
271 1067 401 1124 fiduciam
415 1069 488 1143 parit
503 1069 592 1124 victor
611 1069 762 1132 exercitus,
788 1069 833 1123 cui
848 1085 898 1140 per

92 1142 207 1200 volnera
218 1150 245 1198 et
255 1143 362 1200 labores
377 1145 461 1208 nihil,
482 1153 591 1218 praeter
605 1154 765 1220 tyrannum,
785 1144 898 1216 quaesi-

90 1229 154 1275 tum
165 1226 216 1272 cst.
256 1221 317 1275 Nisi
328 1220 396 1276 forte
408 1220 586 1276 tribuniciam
598 1228 758 1292 potestatem
769 1236 897 1276 eversum

91 1292 210 1367 prefecti
224 1304 301 1359 sunt,
322 1314 373 1369 per
388 1313 462 1352 arma
476 1295 614 1352 conditam
631 1315 646 1352 a
660 1295 813 1352 maioribus
827 1295 896 1358 suis,

92 1371 193 1440 utique
204 1370 264 1424 iura
275 1378 301 1425 et
312 1371 417 1426 iudicia
431 1373 544 1427 sibimet
554 1380 761 1444 extorquerent:
784 1371 896 1445 egregia

93 1445 204 1502 scillcet
213 1446 347 1511 mercede,
358 1465 455 1520 quum,
471 1448 584 1521 relegati
596 1448 625 1502 in
634 1448 753 1520 paludes
763 1456 789 1502 et
799 1446 895 1510 silvas,

92 1520 290 1578 contumeliam
306 1531 387 1594 atque
403 1523 540 1580 invidiam
555 1539 647 1587 suam,
668 1522 791 1595 praemia
811 1539 896 1594 penes

91 1611 197 1670 paucus
212 1596 415 1671 intellegerent.
455 1597 544 1665 Quare
554 1599 640 1670 igitur
650 1606 725 1654 tanto
736 1599 846 1671 agmine
856 1604 897 1651 nt·

92 1690 149 1746 que
161 1669 261 1727 animis
272 1671 395 1729 incedit‘l
413 1673 481 1745 quia
494 1673 632 1728 secundae
645 1691 688 1728 res
699 1675 768 1728 mire
778 1681 843 1727 sunt
853 1671 898 1726 vi·

92 1751 140 1805 tiis
161 1742 300 1817 obtentui3
324 1749 428 1821 quibus
449 1747 607 1814 labefactis,
628 1765 712 1820 quam
733 1746 896 1804 formidatus

93 1833 173 1882 antea
184 1831 234 1890 est,
246 1832 302 1879 tam
313 1833 516 1881 contemnetur:
528 1824 583 1879 nisi
595 1823 663 1879 forte
674 1841 724 1896 spe
734 1823 897 1880 concordiae

93 1911 120 1955 et
135 1903 227 1971 pacis,
247 1916 318 1971 quae
333 1900 431 1956 sceleri
442 1909 470 1956 et
479 1899 629 1972 parricidio
640 1917 691 1954 suo
701 1899 810 1954 nomina
821 1897 897 1954 indi-

92 1976 145 2031 dit.
186 1977 282 2046 Neque
302 1975 382 2030 aliter
400 1975 603 2048 rempublicam
618 1983 645 2030 et
657 1974 725 2030 belli
744 1973 827 2029 finem
847 1977 894 2040 ait,

93 2053 149 2106 nisi
173 2059 282 2107 maneat
304 2051 421 2122 expulsa
447 2051 521 2126 agris
540 2051 650 2123 plebes,
682 2048 783 2122 praeda
803 2050 897 2105 civilis

93 2127 295 2192 acerbissuma,
313 2127 564 2199 iusiudiciumque
574 2126 698 2182 omnium
709 2141 800 2180 rerum
811 2139 897 2196 penes

3 2201 6 2208 '
93 2220 138 2268 ee,
160 2200 235 2274 quod
250 2202 349 2274 populi
359 2203 473 2258 Romani
488 2202 551 2258 fuit.
590 2201 665 2268 Quae
677 2201 701 2254 si
712 2201 792 2255 vobis
805 2218 861 2273 pax
870 2211 899 2258 et

93 2277 241 2333 concordia
259 2277 473 2350 intelleguntur,
499 2294 628 2333 maxuma
648 2276 821 2333 turbamenta
841 2281 898 2334 rei·

93 2353 225 2426 publicae
235 2361 317 2424 atque
328 2354 412 2408 exitia
422 2353 549 2425 probate:
563 2353 675 2408 annuite
686 2352 796 2425 legibus
807 2354 897 2427 impu·

93 2431 170 2485 sitis:
192 2429 310 2501 accipite
324 2429 411 2483 otium
426 2445 491 2483 oum
504 2429 631 2484 servitio:
654 2437 681 2483 et
691 2429 790 2484 tradite
802 2448 898 2486 exem·

93 2504 172 2578 plum
187 2504 304 2575 posteris
315 2503 350 2558 ad
360 2505 497 2575 populum
507 2505 660 2560 Romanum
670 2504 773 2560 suimet
781 2508 897 2580 sangui-

93 2580 138 2636 nis
159 2578 286 2634 mercede
304 2579 591 2635 circumveniundum.
634 2580 704 2638 Mihi
727 2597 896 2654 quamquam

94 2671 143 2728 per
153 2655 206 2710 hoc
215 2672 355 2710 summum
367 2655 516 2726 imperium
530 2657 597 2711 satis
611 2656 768 2727 quaesitum
779 2666 838 2713 erat
847 2675 897 2713 no·

95 2731 335 2797 minimorum,
361 2730 505 2804 dignitati.
530 2741 613 2805 atquo
635 2733 719 2788 etiam
741 2733 829 2805 prae'
