2058 3032
156 175 189 228 22
359 179 389 226 C.
407 179 538 226 CRISPI
557 179 764 226 SALLUSTII

131 299 191 356 ,go
212 289 297 354 etque
320 280 437 338 Lentule
461 281 630 352 ceterisque,
662 297 781 352 queem
805 296 974 356 eogsroverst

155 358 478 431 promptemeudeeiam,
496 356 621 421 mandat,
638 356 969 433 quihusrebuspossent,

155 451 222 507 opes
233 433 548 498 factioniseeafirment,
569 431 688 489 iusidias
699 433 805 490 consuli
820 443 969 500 maturent,

155 509 282 575 eaedem,
305 510 434 568 inpendia
443 510 555 581 dieque
566 508 635 564 beili
645 507 767 572 iecinara
777 519 889 582 parent:
910 531 970 568 sese

154 586 317 660 propediem
330 603 393 645 cum
408 602 509 660 magno
525 585 652 642 exercitu
671 583 706 640 ad
724 585 822 642 urbem
841 604 970 644 aceessu-

153 679 339 796 mmmm
358 739 429 796 Dum
444 737 513 792 haee
521 729 623 794 Reman
633 743 783 810 geruntur,
806 736 837 794 Cr.
848 739 970 796 Manlius

153 833 189 870 ex
199 831 249 874 suo
258 831 375 874 numero
385 813 489 888 legates
499 811 534 868 ad
544 812 677 870 Marcium
684 813 786 886 Regem
798 814 894 882 mittit,
905 832 970 872 eum

152 890 291 948 mandatis
302 888 511 946 huiuscemodi:

210 967 305 1033 „Deos
319 966 502 1038 hominesque
514 971 661 1030 testamur,
678 965 842 1038 Imperator,
864 983 915 1025 nos
926 987 971 1025 nr·
1016 1009 1017 1036 ,

151 1061 197 1100 ma
210 1059 300 1116 neque
309 1051 403 1100 centra
413 1042 531 1114 petriam
541 1041 665 1114 cepisse,
686 1057 777 1114 neque
790 1057 847 1116 quo
856 1046 971 1176 ἱετίοιι-

152 1119 211 1176 lum
226 1119 289 1178 eliis
305 1118 473 1183 feneremus,
495 1117 546 1173 ssd
560 1119 602 1174 uti
615 1134 730 1190 corpora
743 1126 861 1176 nostrae
892 1119 972 1177 iniu-

150 1196 260 1251 riatuta
270 1194 372 1264 terente
393 1193 568 1267 quintini,
590 1202 718 1268 egentes,
736 1194 971 1272 uiolentiamque

150 1271 314 1329 erudelitate
332 1270 515 1328 feneratorum
533 1270 662 1343 plerique
678 1272 782 1342 patria,
803 1269 853 1327 sed
871 1289 969 1329 omnes

150 1346 223 1404 inme
232 1355 316 1419 atque
328 1346 447 1404 fortunis
462 1354 591 1419 expertes
599 1363 712 1416 sumus;
734 1363 825 1420 neque
835 1348 970 1421 cuiquem

150 1432 275 1484 nestrum
286 1424 375 1489 lieuit,
388 1439 463 1480 mere
474 1424 620 1489 maiorum,
632 1422 756 1498 legenti,
768 1439 869 1498 neque,
882 1426 971 1482 amis·

149 1517 180 1557 so
193 1501 373 1574 patrimonio,
395 1500 517 1558 liberum
531 1517 632 1574 eorpus
647 1499 764 1558 habere:
786 1508 861 1558 tante
874 1503 971 1559 saevi-

149 1577 186 1634 tia
206 1565 391 1635 feneratorum
408 1586 494 1652 etque
511 1577 647 1634 Praetoris
667 1577 731 1633 tuit.
771 1575 860 1652 Saepe
878 1580 969 1636 maio·

150 1671 193 1710 res
204 1661 342 1721 vestrum,
367 1656 485 1714 miseriti
497 1655 592 1729 plebis
602 1656 754 1720 Romanae,
774 1653 892 1712 decretis
906 1657 968 1712 suis

149 1730 261 1805 inopiae
270 1730 399 1804 opitulati
410 1740 488 1788 suut:
505 1750 537 1788 ae
547 1733 708 1790 novissume
718 1733 851 1787 memoria
862 1742 967 1798 nostre,

148 1816 261 1879 propter
270 1807 492 1882 magnitudinem
503 1809 575 1863 aeris
586 1807 685 1871 alieni,
703 1805 861 1864 volentibus
874 1809 970 1866 omni-

147 1881 202 1938 bus
217 1883 312 1949 hunis,
335 1891 479 1956 argentum
494 1899 556 1939 aere
572 1882 693 1938 solutum
708 1889 760 1938 est.
799 1881 889 1958 Saepe
907 1886 913 1898 '

147 1957 260 2031 plebes,
281 1966 327 2016 eut
337 1958 501 2018 dominandi
510 1957 604 2014 studio
615 1965 753 2029 permota,
775 1903 970 2036 autsupeffisii

50 2045 51 2052 ¹
147 2035 374 2108 magistratuum,
394 2042 498 2092 armata
516 2051 530 2090 a
545 2033 676 2106 patribus
692 2037 819 2092 secessit.
858 2037 894 2094 At
915 2057 971 2098 nes
1016 2041 1017 2100 i

147 2126 202 2166 nun
212 2111 363 2184 imperium
372 2127 464 2183 neque
474 2109 589 2168 divitias
599 2111 731 2183 petimus,
742 2129 861 2184 quarum
871 2131 970 2175 rerum
1016 2123 1017 2152 ³

146 2201 245 2243 caussa
265 2187 338 2243 bella
358 2195 441 2259 atque
464 2187 614 2244 certamine
633 2190 727 2246 emnia
747 2188 818 2244 inter
837 2191 969 2249 mortalis

132 2270 225 2331 ,sunt;
249 2263 299 2322 sed
314 2263 484 2330 libertatem,
504 2281 589 2336 quem
603 2265 802 2332 nemobonus,
824 2267 881 2322 nisi
898 2285 970 2325 cum

147 2338 344 2405 auimasimul,
357 2343 468 2398 emittit.
497 2342 535 2398 Te
546 2347 628 2414 atque
638 2340 769 2398 Senatum
780 2341 967 2413 obtestamur,

147 2414 297 2472 consulatis
311 2416 423 2474 miseris
438 2415 562 2487 nivibus3
591 2417 663 2492 legis
678 2415 864 2490 praesidium,
882 2423 970 2492 quod

147 2492 281 2566 iniquitas
300 2491 437 2550 Praetoris
456 2495 573 2566 eripuit,
597 2493 762 2561 restituatis3
789 2510 860 2552 neve
879 2496 969 2554 nobis

148 2587 209 2628 eam
219 2568 452 2626 uecessitudinem
462 2571 625 2641 imponetis,
646 2576 677 2624 ut
689 2585 868 2641 quaeramus,
890 2588 969 2645 quo-

148 2665 213 2706 nam
224 2645 302 2705 mede
312 2659 456 2710 maxume,
472 2646 524 2700 uiti
534 2644 700 2718 sanguinem
709 2653 848 2710 nostrum,
862 2664 963 2720 peree-

150 2730 247 2784 muffiu
292 2739 297 2751 ·
