2070 3036
182 225 228 278 ⁴⁰8
328 231 355 276 C.
374 231 429 277 CR.
450 231 657 278 tanhusun
674 233 830 278 BELLUM

178 341 327 404 presserat,
348 350 383 389 ns
393 347 448 405 qua
458 331 655 405 exeonegotio
665 331 766 389 seditio
775 334 907 391 oriretur.
925 335 979 391 Ne·

178 423 233 480 qne
242 417 305 480 post
315 409 345 464 id
357 410 477 466 locorum
483 407 632 481 iugurthae
637 407 697 464 dies
708 418 755 464 aut
765 427 822 466 nox
832 410 891 466 ulla
901 411 978 484 qnie-

178 493 205 540 ta
216 481 282 540 tuit:
303 502 392 558 nequa
403 485 476 550 loco,
493 500 583 557 neque
593 483 700 540 mortali
711 483 845 558 cuiquam
855 495 977 542 auttem-

177 561 239 634 pori
252 560 320 617 satis
336 561 460 617 credere:
485 560 556 614 civis
567 560 659 616 hostes
672 560 749 616 iuxta
761 569 900 618 metuere:
926 564 975 618 cir·

179 645 368 710 cumspectare
382 636 475 693 omnia
485 644 513 691 et
522 636 598 692 omni
613 637 730 708 strepitu
738 653 906 709 pavescere:
927 637 977 694 alic

179 722 260 788 atque
276 713 331 770 alio
345 713 418 778 loco,
439 729 522 786 saepe
537 720 631 768 contra
647 711 732 768 decus
752 714 878 787 regium,
900 723 977 770 noctu

178 789 365 860 requiescere:
376 788 630 854 interdum,scmuc
639 789 757 854 excitus,
768 790 888 863 arreptis
898 792 978 846 armis

178 865 329 922 tumultum
349 863 451 934 iacere;
484 865 523 921 its
543 863 704 930 formidine,
735 865 817 936 quasi
838 866 978 930 vecordia,

179 942 325 998 excitari.

232 959 356 1072 {xxiii
377 1015 614 1090 Igiturbietellus,
635 1014 981 1074 uhidecasultomilcsris

177 1102 204 1149 et
223 1092 328 1149 indicio
346 1091 482 1165 patefacto
501 1110 537 1148 ex
555 1090 681 1166 perfugis
701 1092 846 1165 cognovit,
872 1111 978 1157 rursus,
1018 1113 1019 1140 1

177 1178 319 1241 tamquam
329 1168 364 1224 nd
375 1170 432 1225 inte
467 1165 981 1240 umbellum,·ounctaparatfestinat·
1018 1175 1019 1210 ἲ

177 1261 242 1317 (pue.
282 1245 414 1309 Marium,
448 1245 597 1319 atigantem
607 1243 835 1315 deminutione,
857 1245 946 1302 simul
956 1253 981 1299 et
1018 1225 1019 1276 i

178 1321 297 1376 invitum
308 1327 335 1376 ct
344 1318 493 1384 offensum,
510 1318 566 1374 sibi
576 1336 674 1391 parum
684 1318 816 1376 idoneum
827 1328 921 1386 ratus,
933 1319 980 1376 dc

178 1413 253 1452 mum
269 1395 393 1453 dimittit.
432 1397 467 1452 Et
480 1395 581 1450 Romae
596 1394 706 1467 plebes,
731 1394 833 1460 literis,
855 1413 931 1468 quae
949 1397 980 1452 de

179 1473 288 1530 Metello
299 1489 331 1528 ae
340 1472 426 1530 Mario
437 1472 538 1528 missae
548 1479 638 1536 erant,
656 1472 789 1544 cognitis,
802 1470 911 1528 volenti
922 1474 981 1530 ani·

178 1568 222 1606 mo
242 1547 277 1606 de
296 1548 431 1606 ambobus
451 1555 621 1620 aeceperunt.
661 1547 820 1620 Imperatori
836 1548 978 1614 nobilitas,

177 1643 248 1698 quae
258 1635 337 1682 antea
349 1626 443 1682 decori
454 1624 556 1689 fueret,
577 1622 700 1679 invidiae
711 1639 785 1680 esse:
808 1623 891 1680 atilli
903 1625 980 1683 alteri

177 1703 289 1776 generis
309 1702 454 1759 humilitas
477 1700 599 1757 favorem
618 1699 775 1768 addiderat3
806 1707 934 1756 ceterum
954 1704 981 1756 in

177 1789 295 1852 utroque
310 1779 400 1852 magis
414 1776 506 1835 studia
520 1777 654 1848 partium,
673 1791 758 1848 qnam
768 1775 841 1830 bona
851 1785 901 1832 aut
911 1777 982 1834 maia

177 1871 228 1908 sua
248 1855 437 1912 moderabant.
484 1853 627 1907 Praeterea
649 1850 775 1906 seditiosi
801 1851 983 1926 magistratus

176 1929 291 2003 volgum
311 1930 465 2004 exagitare,
490 1927 630 1983 Metellum
646 1927 777 1982 omnibus
796 1928 981 1984 concionibus

178 2007 278 2078 capitis
289 2021 440 2070 arcessere,
455 2003 535 2060 Marii
545 2004 676 2058 virtutem
686 2003 715 2058 in
726 2003 817 2060 maius
827 2003 980 2060 celebrare.

177 2082 301 2154 Denique
315 2081 411 2154 plebes
421 2081 463 2136 sic
473 2095 602 2144 accensa,
623 2079 663 2134 uti
677 2079 790 2152 opifices
801 2089 981 2155 agrestesque

177 2173 287 2224 omnes,
310 2175 428 2230 quorum
442 2173 485 2210 res
496 2153 622 2226 fidesque
632 2155 662 2209 in
672 2155 801 2212 manibus
812 2155 882 2211 sitae
892 2167 979 2222 erant,

178 2233 284 2289 relictis
297 2233 443 2306 operibus,
465 2229 670 2301 frequentarent
679 2233 810 2296 Marium,
832 2240 923 2288 etsua
934 2251 982 2289 ne-

177 2309 297 2364 cessaria
308 2317 371 2380 post
380 2308 458 2363 iliius
469 2306 600 2361 honorem
608 2306 751 2363 ducerent.
790 2307 838 2373 lta,
850 2311 980 2379 perculsa

178 2383 332 2448 nobilitate,
344 2391 407 2454 post
415 2383 518 2438 multas
528 2390 703 2454 tempestates
713 2398 786 2437 novo
795 2382 903 2439 homini
915 2403 980 2442 eon-

177 2459 284 2514 suiatus
295 2457 454 2525 mandatum
471 2465 498 2512 et
506 2466 600 2527 postea
610 2455 745 2527 populus,
757 2473 772 2509 a
784 2455 911 2515 Tribuno
920 2462 980 2534 pie-

179 2534 222 2589 bis
232 2530 334 2588 Manlio
343 2533 471 2585 Mancino
480 2539 601 2602 rogatus,
616 2544 697 2599 quem
709 2529 795 2586 veliet
805 2550 870 2588 cum
879 2536 979 2612 lugur-

178 2609 223 2664 tha
243 2602 347 2660 bellum
367 2621 477 2674 gerere,
507 2603 636 2672 frequens
649 2601 767 2657 Marium
787 2607 883 2663 iussit,
925 2611 978 2667 sed

179 2684 293 2739 Senatus
308 2677 402 2748 pauno
419 2687 482 2732 ante
496 2677 605 2734 Metello
620 2672 779 2732 Numidiam
800 2681 976 2744 «tentaveram

179 2777 211 2815 ea
221 2775 264 2814 res
275 2753 372 2810 trustra
381 2749 445 2805 fuit.
