2070 3036
132 194 166 246 at
291 200 317 244 o.
338 199 393 244 cn.
414 198 620 244 snnnus'ru
639 199 793 244 annuum
870 188 886 214 ⁸

131 300 186 354 bis.
227 301 261 356 Ut
271 316 354 374 saepe
365 299 551 362 nobilitatem,
563 300 604 353 sic
616 315 647 353 ea
659 309 822 372 tempestate
833 302 946 374 plebem

131 393 167 432 ex
177 373 309 431 secundis
319 375 403 430 rebus
414 375 560 431 insolentia
572 384 692 447 ceperat.

107 453 131 496 f
398 459 400 464 .

185 526 257 581 XLI.
279 525 406 583 Ceterum
420 541 479 582 mos
489 523 611 599 partium
621 526 800 598 popularium
812 536 840 583 et
850 528 947 584 Senati

132 601 295 666 lactionum,
311 619 343 657 ac
353 601 455 657 deinde
465 603 589 658 omnium
601 602 736 658 malarum
746 603 863 669 artium,
874 621 948 677 pau-

131 679 172 732 cis
187 685 249 733 ante
265 677 457 735 annisliomae
473 687 548 734 ortus
562 686 616 741 est,
637 679 693 733 otio
703 686 786 750 etque
797 679 947 735 abundan-

131 756 169 809 tia
179 770 274 808 earum
285 770 386 816 rerum,
399 771 470 827 quae
481 757 572 826 prima
583 754 712 812 mortales
723 753 841 810 ducunt.
875 757 947 811 Nam

131 837 194 886 ante
203 829 399 904 Carthaginem
414 829 531 886 deletam
545 829 667 906 populus
679 838 705 884 et
715 829 835 885 Senatus
845 832 948 886 Roma-

131 923 184 962 nus
194 905 306 978 placide
316 905 494 980 modesteque
508 909 580 964 inter
590 923 620 961 se
630 905 834 977 rempublicam
844 915 948 963 tracta-

131 980 212 1037 bant:
224 998 315 1055 neque
324 982 429 1057 gloriae
440 999 531 1055 neque
542 981 738 1040 dominationis
749 991 888 1039 certamen
900 985 948 1039 in-

129 1065 171 1113 ter
180 1057 252 1113 civis
262 1066 332 1114 erat:
353 1065 443 1114 metus
458 1059 568 1116 hostilis
580 1059 610 1113 in
625 1057 706 1112 bonis
722 1059 829 1113 artibus
844 1060 949 1115 civit-a-

129 1143 185 1188 tem
196 1134 342 1191 retinebat.
378 1133 434 1190 Sed
444 1135 494 1190 ubi
506 1137 555 1192 illa
565 1133 683 1190 formido
694 1135 836 1190 mentibus
846 1134 948 1191 deces-

130 1211 180 1273 sit,
195 1209 303 1265 scilicet
314 1227 359 1274 ea,
372 1225 444 1281 quae
454 1211 592 1266 secundae
603 1227 647 1266 res
658 1218 761 1272 amant,
774 1210 892 1266 lascivia
903 1221 948 1267 at·

130 1302 185 1356 que
195 1285 327 1357 superbia
338 1286 488 1342 incessere.
529 1289 580 1350 lta,
596 1285 670 1359 quod
682 1287 709 1340 in
722 1285 848 1342 adversis
859 1287 947 1344 rebus

129 1368 303 1434 optaverant,
323 1361 425 1427 otium,
446 1372 594 1436 postquam
608 1361 701 1433 adepti
715 1371 793 1424 sunt,
815 1365 946 1436 asperius

129 1437 314 1509 acerbiusque
329 1437 392 1493 fuit.
432 1439 559 1513 Namque
574 1454 688 1512 coepere
702 1437 834 1494 nobilitas
847 1438 946 1514 digni-

129 1523 212 1570 tatem
224 1514 253 1568 in
264 1513 496 1580 dominationem,
516 1515 613 1590 plebes
629 1513 784 1570 libertatem
794 1515 824 1570 in
834 1515 946 1571 lubidi-

129 1607 193 1647 nem
203 1597 325 1647 vertere:
351 1591 408 1647 sibi
421 1591 543 1666 quisque
554 1591 667 1654 ducere,
689 1589 811 1655 trahere,
833 1607 943 1663 rapere.

130 1668 168 1723 lta
184 1669 276 1724 omnia
290 1667 320 1723 in
335 1665 405 1724 duas
420 1679 513 1742 partes
527 1669 750 1731 ebertramnum,
772 1667 942 1740 r'espublica,

129 1760 202 1815 quae
222 1745 314 1801 media
336 1744 437 1809 luerat,
464 1745 623 1802 dilacerata.
663 1742 790 1799 Ceterum
809 1743 944 1800 nobilitas

129 1818 248 1876 factione
258 1821 348 1896 magis
361 1820 499 1894 pollebat:
520 1820 613 1894 plebis
629 1820 686 1882 vis,
709 1819 798 1875 soluta
813 1829 897 1892 atque
912 1821 944 1876 in
1024 1867 1025 1870 ,

128 1895 309 1952 multitudine
319 1897 453 1969 dispersa,
465 1897 559 1951 minus
568 1902 687 1967 poterat:
702 1910 855 1968 paucorum
866 1896 947 1953 arbi·
1024 1915 1025 1970 t

128 1972 179 2026 trio
189 1970 258 2029 belli
269 1970 400 2044 domique
414 1970 573 2044 respublica
589 1969 759 2044 agitabatur:
780 1989 866 2045 penes
879 1989 945 2030 eos-
1024 1979 1025 1998 ¹

127 2047 191 2101 ‹lem
203 2049 348 2112 aerarium,
362 2047 724 2120 provinciaemagistratus,
732 2049 946 2122 gloriaetrium-

126 2122 233 2195 pbique
249 2133 339 2179 erant:
364 2123 486 2196 populus
501 2121 602 2177 militia
617 2131 699 2194 atque
714 2125 808 2196 inopia
819 2125 945 2200 urgeba-

84 2255 87 2260 ,
126 2207 184 2267 tur;
198 2199 315 2270 praedes
327 2199 443 2254 bellicas
454 2197 633 2270 imperatores
639 2215 703 2254 cum
713 2201 811 2273 paucis
823 2200 945 2276 diripie-

126 2273 206 2328 bant:
228 2276 334 2330 interea
348 2281 477 2346 parentes
493 2281 540 2329 aut
553 2276 633 2348 parvi
649 2275 730 2331 liberi
743 2276 877 2342 militum,
898 2280 943 2336 uti

126 2349 248 2424 quisque
257 2351 407 2424 potentiori
417 2349 534 2406 confinis
545 2359 610 2414 erat,
626 2351 741 2408 sedibus
751 2351 944 2424 pellebantur.

127 2427 166 2482 lta
181 2441 245 2480 cum
258 2427 381 2497 potentia
395 2425 512 2482 avaritia
525 2426 586 2482 sine
600 2426 682 2483 modo
693 2428 886 2500 modestiaque
895 2431 946 2486 in-

128 2501 242 2573 vadere;
259 2500 384 2574 polluere
396 2510 422 2558 et
432 2511 541 2558 vastare
551 2504 656 2572 omnia;
673 2502 744 2558 nibil
755 2505 835 2576 pensi
848 2521 944 2578 neque

128 2581 216 2636 sancti
226 2577 342 2641 habere,
362 2579 455 2648 quoad
465 2587 553 2634 semet
563 2581 624 2652 ipsa
632 2579 838 2650 praecipitavit.
868 2582 943 2637 Nam

129 2657 178 2712 ubi
189 2657 307 2730 primum
320 2669 355 2708 ex
365 2652 509 2707 nobilitate
520 2653 621 2724 reperti
632 2660 705 2714 sunt,
718 2655 867 2723 quiveram
877 2657 945 2730 glo-

130 2734 200 2792 riam
211 2734 328 2788 iniustae
338 2730 477 2801 potentiae
488 2733 698 2797 anteponerent,
715 2731 820 2783 moveri
836 2732 943 2788 civitas

562 2919 725 3002 Δ
