2070 3036
191 186 239 238 tto
338 190 365 236 o.
384 190 441 236 on,
461 171 668 236 sancimen
685 189 839 236 nnnnnn

188 299 264 348 utres
278 291 360 348 modo
375 291 471 348 atalia
485 306 574 362 aquae
587 289 688 346 idonea
697 291 811 362 portari.
851 293 986 350 Praeterea

189 367 329 439 conquirit
343 385 379 424 ex
391 367 466 440 agris
476 382 560 438 quam
570 366 724 438 plurimum
732 374 824 439 potest
835 365 932 425 domiti
942 387 986 442 pe-

189 444 275 508 coris,
288 461 376 515 eoque
386 443 504 514 imponit
513 459 579 497 vasa
589 443 726 515 cuiusque
737 441 828 506 modi,
840 445 892 500 sed
903 445 985 517 plera·

189 537 244 592 que
255 519 358 594 lignea,
370 518 484 574 collecta
494 533 530 572 ex
538 519 659 592 tuguriis
667 517 864 574 Numidarum.
887 519 983 576 Adhuc

190 595 325 652 finitumis
340 596 471 666 imperat,
493 592 543 664 qui
561 611 591 649 se
606 602 669 666 post
683 595 757 668 regis
773 593 870 668 fugam
883 598 983 654 Metello

189 671 363 735 dediderant,
370 687 454 742 quam
464 668 617 740 plurimum
628 669 748 742 quisque
759 687 847 742 aquae
857 682 981 743 portaret

190 749 264 804 diem
276 748 437 818 locumque,
451 744 500 799 uhi
510 753 619 816 praesto
629 744 732 812 forent,
749 743 897 818 praedicit.
929 750 984 821 lpse

190 839 225 882 ex
236 822 364 888 flumina,
379 837 462 894 quam
473 837 637 892 proxumam
646 820 750 894 oppido
760 839 861 894 aquam
873 840 934 880 esse
943 842 985 880 eu-

188 918 237 972 pra
249 899 387 964 diximus,
404 897 527 952 iumenta
537 905 644 966 onerat;
661 914 694 953 eo
704 897 784 952 modo
794 897 947 958 instructus
955 900 985 956 ad

189 976 303 1032 Thalam
314 973 510 1046 proficiscitur.
540 973 644 1029 Deinde
653 973 703 1029 uhi
713 973 748 1028 ad
759 973 789 1029 id
800 973 855 1031 loci
865 985 985 1040 ventum,

188 1069 243 1123 quo
253 1049 384 1106 Numidis
393 1058 580 1121 praeceperat,
592 1058 619 1104 et
628 1057 716 1110 castra
726 1050 816 1122 posita
826 1053 987 1126 munitaque

187 1135 265 1194 suut3
287 1133 360 1180 tanta
371 1133 483 1196 repente
494 1125 569 1181 coelo
579 1125 663 1181 missa
675 1125 719 1181 vis
730 1141 817 1198 aquae
827 1126 946 1194 dicitur,
961 1137 989 1184 ut

140 1217 146 1234 ‘
187 1220 219 1259 aa
233 1201 314 1257 modo
329 1200 464 1257 exercitui
484 1201 552 1258 eatis
572 1218 712 1274 superque
730 1200 808 1258 foret.
848 1203 988 1261 Praeterea

188 1285 355 1334 commeatus
366 1293 416 1348 spe
428 1276 558 1349 amplior,
570 1276 636 1348 quia
647 1277 798 1344 Numidae,
811 1279 896 1336 sicuti
905 1281 988 1354 pleri-

186 1371 241 1427 que
251 1355 281 1408 in
292 1367 363 1408 nova
374 1352 529 1418 deditione,
546 1351 638 1409 officia
648 1353 832 1410 intenderant.
863 1355 988 1412 Ceterum

189 1430 293 1487 milites
304 1428 439 1506 religione
449 1428 547 1502 pluvia
557 1425 648 1502 magis
655 1429 708 1483 uei:
718 1446 805 1502 eaque
815 1447 860 1486 res
870 1434 987 1489 multum

188 1506 289 1563 animis
299 1520 395 1562 eorum
406 1505 527 1574 addidit;
551 1522 614 1560 nam
623 1505 689 1570 rati,
711 1523 773 1561 sese
781 1505 837 1561 diis
848 1507 987 1566 immortu-

187 1582 262 1640 libue
274 1598 356 1647 curae
367 1600 438 1638 esse.
470 1580 576 1636 Deinde
584 1588 694 1655 postero
704 1581 764 1648 die,
777 1589 871 1639 contra
881 1585 987 1657 opinio

187 1677 250 1717 nem
260 1659 425 1733 Iugurthae,
445 1656 480 1713 ad
492 1657 606 1712 Thalam
619 1658 795 1730 perveniunt.
836 1657 985 1732 Oppidani,

186 1736 236 1810 qui
252 1753 283 1791 ee
298 1736 419 1791 locorum
431 1733 578 1806 asperitate
587 1733 708 1789 munitos
719 1732 911 1802 crediderant,
933 1753 988 1791 ma-

186 1827 240 1886 gna
252 1819 334 1884 atqua
345 1811 456 1866 insolita
467 1825 496 1864 re
506 1808 643 1880 perculsi,
656 1809 746 1866 nihilo
756 1812 872 1884 segnius
882 1811 988 1868 bellum

186 1904 298 1959 parare:
318 1886 393 1942 idem
403 1884 489 1941 nostri
499 1883 599 1939 lacere.

241 1962 364 2024 LXXVI.
390 1959 446 2017 Sed
465 1977 528 2024 rex,
557 1959 630 2014 nihil
651 1960 707 2014 iam
727 1960 861 2016 iniectum
879 1963 987 2022 Metello

186 2037 315 2104 credens,
332 2039 437 2110 quippe
448 2036 497 2107 qui
508 2035 614 2102 omnia,
631 2052 720 2102 arma,
737 2035 805 2102 tela,
818 2037 908 2103 locos,
921 2047 987 2094 tem-

185 2132 266 2187 pora,
279 2113 401 2185 denique
412 2120 537 2168 naturam
547 2113 651 2184 ipsam,
664 2112 762 2168 ceteris
771 2113 985 2186 imperitantem,

185 2190 324 2246 industria
339 2193 456 2252 vicerat,
478 2201 543 2242 cum
558 2187 656 2243 liberis
669 2198 697 2244 et
706 2205 806 2262 magna
816 2197 894 2261 parte
904 2205 987 2262 pecu-

185 2267 248 2322 niae
259 2282 294 2320 ex
303 2263 407 2337 oppido
418 2272 500 2320 noctu
510 2261 648 2338 profugit:
670 2282 761 2337 neque
775 2274 870 2338 postea
885 2267 916 2320 in
933 2265 987 2320 ullo

184 2342 245 2398 loco
255 2341 377 2410 amplius
387 2357 442 2395 nno
452 2339 499 2394 dia
512 2346 559 2394 aut
570 2357 625 2395 una
634 2349 712 2396 nocte
724 2350 859 2406 moratus,
871 2341 986 2396 simula-

185 2417 245 2481 hat,
256 2430 318 2468 sese
329 2415 433 2486 negotii
443 2415 531 2488 gratia
542 2431 702 2486 properam
718 2423 842 2472 ceterum
852 2417 985 2490 proditio

185 2507 248 2549 nem
259 2486 387 2553 timebat,
412 2505 496 2560 quam
512 2491 599 2544 vitare
612 2505 694 2559 posse
704 2488 844 2548 celeritate
855 2492 982 2566 putabat,

186 2583 246 2626 nam
257 2560 322 2618 talia
332 2562 449 2617 consilia
458 2580 509 2634 per
518 2563 605 2617 otium
615 2569 642 2614 et
651 2577 687 2614 ex
696 2569 903 2633 opportunitate
914 2567 983 2640 capi.

186 2635 370 2701 tentamus,
391 2634 441 2689 uhi
456 2635 609 2707 oppidanos
621 2635 728 2703 praelio
744 2637 879 2709 intentos,
901 2639 984 2699 eimul

186 2713 317 2794 oppidum
332 2715 358 2762 et
372 2709 504 2779 operibus
519 2716 546 2762 et
564 2707 623 2761 loco
642 2709 783 2767 munitum
799 2715 890 2786 videt,
914 2716 985 2776 vallo
