2058 3032
277 204 471 252 cauturus.
492 204 571 252 car.
591 202 699 252 io-tu
860 197 893 254 27

72 305 227 364 eonsilium
239 304 340 360 adduci
348 321 443 377 posse.
482 304 654 380 Umbrenus,
677 306 752 379 quod
762 308 792 362 in
803 307 894 364 Gallia

74 384 236 456 negotiatus
247 389 319 446 erat,
339 381 481 454 plerisque
490 382 667 454 principibus
678 383 833 439 civitatium
844 402 895 438 uu-

72 468 124 514 tus
140 463 198 520 erat
211 464 295 530 atque
315 475 361 513 eos
381 467 507 514 noverat:
537 459 631 531 itaque
650 459 711 515 sins
731 477 819 525 mora,
844 459 895 515 ubi

76 535 203 607 primum
219 534 323 608 legatos
338 534 368 588 in
384 531 443 590 foro
457 535 616 607 conspexit,
637 543 812 607 percontatus
824 551 896 608 pau-

76 627 109 666 ca
121 609 158 666 de
168 617 242 667 statu
252 609 389 674 civitatis,
410 618 437 666 et
446 612 527 682 quasi
537 610 634 668 dolens
644 611 706 666 eius
717 629 826 676 oasam,
850 629 896 666 re-

75 687 192 758 quirere
206 687 311 758 coepit,
332 702 416 757 quem
430 688 535 742 exitum
551 687 726 743 tantismalis
735 684 895 759 sperarent?

75 765 227 834 Postquam
243 762 308 817 illos
318 760 396 817 videt
408 765 487 834 queri
500 762 535 818 do
545 763 661 818 avaritia
672 764 892 836 magistratuum,

77 855 209 896 accusare
230 837 376 903 Senatum.
403 837 478 910 quod
498 839 527 893 in
547 856 579 894 eo
599 839 698 897 auxilii
719 839 790 894 nihii
809 848 892 904 esset,

78 914 203 970 miseriis
213 915 273 968 suis
284 913 440 970 remedium
450 923 565 970 mortem
575 923 734 988 suspectare
742 935 752 984 :¹
766 914 823 981 „At
832 931 893 990 ego,

79 990 189 1062 inquit,
215 989 310 1056 vobis,
335 990 360 1045 si
379 989 460 1046 modo
478 990 533 1045 viri
553 1007 615 1046 esse
634 992 734 1058 vultis,
752 993 896 1064 rationem

78 1065 239 1132 ostendam,
272 1083 328 1138 qua
348 1073 423 1122 tanta
442 1066 495 1122 ista
514 1066 587 1122 mala
606 1065 781 1142 effugiatis.⁸‘
824 1067 897 1124 Haeo

77 1142 130 1200 ubi
146 1141 232 1206 dixit,
253 1141 430 1216 Allobroges,
451 1143 480 1198 in
500 1159 659 1200 maxumam
676 1161 756 1218 spem
769 1143 894 1209 adducti,

70 1218 253 1274 ‘Umbrenum
263 1235 355 1283 orare,
366 1227 398 1274 ut
407 1219 452 1274 sui
461 1218 738 1276 misereretur-:nihil
750 1227 806 1278 tam
817 1238 898 1295 aspe-

79 1311 144 1352 rum
155 1312 245 1367 neque
259 1303 316 1351 tam
329 1293 445 1351 difficile
455 1312 530 1361 esse.
551 1295 627 1368 quod
638 1315 693 1353 noa
705 1297 897 1369 cupidissume

79 1371 183 1430 facturi
194 1380 300 1435 essent,
322 1370 390 1426 dum
401 1389 433 1426 ea
442 1388 486 1426 res
500 1373 640 1430 civitatem
652 1391 714 1430 aere
725 1374 815 1430 alieno
826 1373 898 1428 libe-

79 1456 164 1504 raret.
203 1448 254 1503 lile
273 1465 319 1503 eos
338 1447 368 1502 in
384 1447 497 1504 domum
510 1449 542 1503 D.
558 1449 635 1516 Bruti
655 1449 796 1522 perducit,
822 1449 898 1522 quod

81 1524 141 1580 foro
155 1524 311 1597 propinqua
327 1532 398 1589 erat,
422 1541 513 1596 neque
527 1524 618 1580 aliena
634 1526 759 1590 consilii,
786 1534 898 1598 propter

81 1599 289 1672 Semproniam:
323 1607 471 1656 namium
494 1601 595 1656 Brutus
623 1601 658 1656 ab
681 1602 766 1658 Roma
793 1601 897 1658 aberat.

80 1679 222 1732 Praeterea
239 1675 392 1732 Gabinium
411 1675 541 1740 accersit,
569 1692 625 1748 quo
644 1679 730 1734 maior
750 1677 897 1734 auotoritas

81 1752 205 1810 sermoni
220 1753 336 1808 inesset:
359 1768 391 1808 eo
405 1757 548 1824 praesente
567 1754 784 1809 coniurationem
799 1754 896 1825 aperit,

81 1829 207 1886 nominat
225 1829 328 1894 sooios,
358 1837 497 1901 praeterea
516 1828 618 1884 multos
633 1830 769 1901 cuiusque
788 1831 899 1903 generis

82 1905 226 1971 innoxios,
247 1922 302 1976 quo
316 1905 415 1978 legatis
431 1905 540 1976 animus
555 1905 672 1978 amplior
687 1913 772 1960 esset:
796 1905 898 1962 deinde

82 2000 145 2046 eos,
156 1982 296 2054 pollicitos
305 1998 417 2052 operam
427 1999 520 2048 suam,
533 1981 646 2038 domum
658 1981 783 2042 dimittit.

140 2059 211 2114 XLI.
222 2056 446 2132 Sedriiiohroges
455 2058 506 2114 diu
516 2057 546 2114 in
555 2059 660 2114 incerto
671 2057 802 2123 habuere,
813 2059 899 2132 quid-

81 2151 149 2190 nam
164 2133 275 2190 consilii
291 2144 430 2204 caperent.
468 2135 499 2189 In
515 2133 599 2190 altera
613 2143 691 2206 parte
703 2143 762 2190 erat
773 2153 818 2190 aes
830 2135 900 2192 alie-

82 2227 166 2275 num,
188 2209 314 2266 studium
325 2208 408 2275 beili,
424 2226 523 2284 magna
534 2226 639 2266 meroes
650 2210 679 2264 in
690 2227 740 2283 spe
751 2211 896 2268 viotoriae:

84 2296 111 2342 at
127 2287 156 2341 iu
171 2286 257 2341 altera
271 2286 389 2340 maiores
403 2301 483 2357 opes,
504 2294 562 2342 tuta
576 2286 705 2351 consilis,
727 2304 777 2358 pro
795 2289 898 2344 ineerta

84 2378 134 2435 spe
150 2370 224 2418 certa
238 2356 371 2433 praemia.
409 2363 482 2416 llaec
499 2361 557 2416 iilis
572 2361 762 2434 volventibus,
788 2363 899 2418 tandem

84 2439 154 2494 vieit
171 2436 279 2496 fortuna
297 2437 478 2510 reipublicae.
517 2438 612 2509 ltaque
628 2436 661 2504 Q.
680 2439 765 2494 Fabio
780 2439 897 2513 Sangae,

84 2515 166 2570 ouius
190 2513 344 2586 patrocinio
366 2514 465 2572 civitas
489 2513 643 2586 plurimum
666 2513 808 2580 utebatur,
840 2532 899 2570 rem

83 2607 208 2660 omnem,
235 2591 276 2644 uti
297 2598 495 2663 cognoverant,
524 2591 662 2661 aperiunt.
709 2590 820 2656 Cicero,
850 2607 900 2662 per

85 2666 207 2740 Sangam
221 2665 338 2720 oonsilio
353 2667 476 2740 cognitu,
504 2665 602 2740 legatis
619 2667 769 2740 praecipit,
796 2675 827 2720 ut
840 2675 883 2720 etr

86 2742 164 2797 dium
189 2741 387 2798 coniurationis
411 2741 589 2798 vehementer
615 2742 762 2807 simulent,
797 2750 863 2797 oster
