2058 3032
162 201 194 254 64
316 202 343 247 C.
363 201 418 248 GR.
438 201 643 248 ssLLusTn
661 201 814 248 BELLUM

161 304 287 380 attingit,
307 320 374 379 agro
388 303 512 375 virisque
525 301 695 376 opulentior,
717 303 867 377 Iugurthae
881 303 974 362 tradi-

161 392 219 437 tur:
236 380 314 436 iliam
325 380 452 443 aiteram,
472 378 565 451 speeie
575 395 659 452 quam
669 395 723 434 usu
732 380 883 453 potiorem,
898 397 974 453 quse

162 458 319 530 portuosior
328 465 355 512 et
364 453 500 512 aedificiis
509 455 599 529 magis
610 464 739 512 exornate
749 464 816 520 erut,
827 455 973 513 Adherbal

182 532 297 590 ossedit.

161 551 180 607 p
219 609 304 668 xvll.
325 609 378 665 Res
387 605 526 680 postulare
539 605 663 671 videtur,
684 604 890 664 hirioeesitum
900 625 974 682 pau-

163 688 204 742 ois
215 701 362 758 exponere,
377 691 460 739 etuas
471 691 577 757 gentes,
591 682 761 755 quibuscum
771 681 852 739 nobis
863 683 974 739 bellum

164 759 419 826 autemicitisfuit‚
441 759 586 834 attingere.
626 757 682 814 Sed
692 775 764 830 quse
773 758 834 815 loos
843 768 872 816 et
881 761 975 816 natio-

164 855 213 895 nes
231 838 267 894 ob
288 836 406 892 osiorem
424 844 472 898 aut
490 835 679 908 asperitatem,
706 836 772 890 item
791 834 971 900 solitudines,

164 916 258 971 minus
267 912 436 986 frequentata
447 921 521 977 sunt,
529 910 564 967 de
574 912 610 966 iis
621 908 696 966 houd
707 908 788 966 faoiie
798 919 972 985 oompertum

163 991 347 1047 narraverim:
368 996 456 1046 cetera
466 1004 551 1059 quam
560 987 747 1060 paucissumis
757 985 913 1044 absolvam.
943 990 972 1043 in

164 1067 303 1123 divisione
311 1065 388 1122 orbis
398 1073 485 1120 terrae
495 1064 623 1136 plerique
633 1064 663 1118 in
673 1071 750 1135 parte
760 1063 840 1120 tertia
848 1062 974 1120 Africam

164 1159 295 1215 posuere:
307 1141 400 1214 pauci,
412 1139 601 1197 tantummodo
609 1140 703 1196 Asiam
712 1148 741 1195 et
749 1139 890 1213 Europam
899 1157 972 1205 esse,

164 1219 214 1276 sed
225 1217 347 1274 Africam
360 1217 389 1272 in
400 1217 520 1289 Europe.
559 1216 598 1271 Ee
613 1215 681 1270 fines
694 1215 778 1271 habet
787 1215 822 1271 ab
832 1215 975 1272 Oeniden-

164 1305 191 1352 te
202 1294 303 1351 fretum
314 1293 400 1349 nostri
411 1293 495 1348 maris
506 1300 533 1347 et
543 1291 659 1356 Oneum,
682 1291 717 1347 ab
732 1299 793 1347 ortu
806 1291 873 1348 solis
884 1292 975 1349 deeli-

166 1389 229 1428 vem
239 1367 430 1434 latitudinem,
452 1382 536 1441 quem
550 1369 640 1423 locum
651 1367 849 1426 Catabathmon
864 1369 975 1426 insulae

166 1447 316 1522 appellant.
356 1447 431 1503 hiare
445 1461 573 1511 saevum,
595 1445 811 1517 importuosum:
833 1460 900 1519 ager
914 1445 975 1502 fru-

165 1542 233 1600 gum
248 1522 362 1588 fertilis,
384 1521 474 1579 bonus
489 1519 596 1594 pauori,
624 1520 769 1576 arboribus
787 1519 972 1578 infecundus:
1018 1531 1019 1554 ³

166 1602 242 1658 eoelo
256 1601 513 1674 terraquepenuria
529 1615 674 1672 aquarum.
713 1597 808 1655 Gentis
827 1597 973 1656 hominum

166 1677 273 1735 salubri
283 1693 410 1750 torpore:
432 1677 529 1742 velox,
546 1673 802 1749 petieusiahorum:
823 1673 973 1748 plerosque

167 1763 295 1812 seneotus
304 1753 443 1819 dissolvit,
455 1753 511 1808 nisi
521 1753 571 1825 qui
580 1751 653 1807 ferro
663 1759 711 1807 aut
719 1749 816 1806 bestiis
825 1751 972 1808 interiere:

167 1849 232 1888 nam
241 1829 354 1888 morbus
364 1828 440 1885 haud
450 1845 533 1900 saepe
543 1842 711 1900 quemquam
724 1833 847 1899 superat.
866 1825 911 1883 Ad
922 1827 975 1884 hoe

166 1907 287 1964 malefici
296 1906 407 1981 generis
417 1905 539 1977 piurima
549 1903 689 1958 animulis.
717 1901 774 1958 Sed
784 1903 834 1975 qui
844 1905 974 1960 mortales

166 1985 248 2041 initio
257 1982 378 2039 Africam
388 1980 549 2043 habuerint,
570 1978 676 2050 quique
690 1986 786 2051 postes
796 1980 972 2046 accesserint,

167 2069 215 2116 aut
223 2058 361 2133 quomodo
372 2058 443 2114 inter
452 2072 482 2111 se
492 2054 624 2127 permixti
634 2055 703 2126 sint3
716 2071 886 2129 quamquem
897 2056 932 2112 ab
944 2075 974 2113 aa
1018 2063 1019 2108 ἕ

167 2136 253 2201 fama,
269 2152 342 2208 quae
352 2134 499 2207 plerosque
510 2129 630 2196 obtinet,
644 2131 788 2188 diversum
799 2139 853 2201 est3
869 2140 971 2197 tamen,
1018 2141 1019 2176 i

167 2215 209 2269 uu
222 2209 487 2273 extremitates,
509 2206 559 2278 qui
573 2208 825 2284 ragrsursmpson
840 2207 974 2265 urceum-

167 2297 226 2354 tur,
243 2288 454 2360 interpretatum
464 2283 544 2339 nobis
555 2292 609 2350 est,
624 2285 722 2358 utique
732 2302 790 2341 rem
800 2301 861 2342 sese
871 2285 973 2342 habere

167 2365 287 2420 cultores
298 2365 359 2420 eius
370 2371 457 2419 torrae
467 2368 574 2434 putent,
582 2377 666 2433 quam
674 2361 861 2435 paucissumis
870 2360 972 2418 diuam.

168 2441 296 2499 Ceterum
308 2439 377 2495 fides
388 2438 449 2494 eius
458 2438 498 2493 rei
508 2454 594 2510 penes
605 2445 730 2496 auotores
740 2437 803 2494 erit.

223 2517 320 2574 xvffl.
340 2514 462 2571 hiriosm
476 2513 557 2569 initio
569 2513 691 2571 habuere
701 2513 812 2572 Gaetuli
822 2522 849 2571 et
860 2513 972 2590 Libyes.

171 2595 261 2670 asperi
275 2591 444 2664 incultique;
465 2589 626 2663 quisoeibus
641 2597 699 2646 erut
713 2605 776 2646 oaro
791 2589 973 2663 inmutatque
1017 2641 1018 2672 q

172 2673 251 2730 humi
264 2667 412 2744 pabulum,
433 2666 475 2720 uti
488 2664 646 2736 pecoribus.
686 2666 720 2722 iii
741 2682 831 2739 oeque
849 2667 973 2722 moribus
1017 2697 1018 2742 q

173 2767 263 2824 nequa
272 2748 333 2822 iege
343 2751 390 2802 sut
398 2742 515 2816 imperio
525 2741 690 2808 cuiusquam
700 2741 877 2817 regebantur:
897 2743 972 2818 vagi.
