2058 3032
141 186 175 241 ll
341 191 367 237 G.
394 191 523 242 cinaei
541 191 748 238 SALLUSTII

141 293 251 366 perium
264 293 365 348 Romae
379 292 525 358 habuerat,
546 291 664 365 dignum
677 292 801 348 moribus
816 292 954 366 factisque

141 370 200 425 suis
211 370 318 424 exitum
327 371 401 424 vitae
411 369 528 425 invenit.
567 369 605 422 De
616 368 750 442 Cethego,
762 368 887 435 Statilio,
899 371 953 426 Ga-

141 444 234 510 binio,
255 444 387 517 Coepario
407 445 503 500 eodem
522 443 603 499 modo
622 445 793 518 supplicium
811 455 952 518 sumptum

143 528 195 576 est.

196 595 265 654 LVl.
285 597 355 651 Dum
370 613 401 651 aa
411 595 511 650 Romae
526 603 673 669 geruntur,
696 595 814 652 Catilina
829 612 865 650 ex
880 599 954 652 omni

142 673 235 745 copia,
255 688 339 745 quam
354 680 380 726 at
395 672 455 744 ipse
470 671 623 746 addqxerat
637 679 664 726 et
676 671 796 728 Manlius
809 671 953 739 habuerat,

141 748 211 804 duas
222 747 345 822 legiones
356 747 489 816 instituit3
508 747 633 802 cohortes
645 763 695 819 pro
708 748 955 804 numero-militum

142 824 275 897 complet:
287 822 402 888 deinde,
417 831 448 878 ut
458 823 578 895 quisque
588 822 760 879 voluntarius
770 831 817 878 aut
827 841 863 880 ex
873 827 955 881 sociis

141 903 171 957 in
186 909 275 957 castra
289 907 414 964 venerat,
440 899 592 971 aequaliter
606 898 798 964 distribuerat,
825 917 858 955 ac
877 899 955 957 brevi

140 977 230 1049 spatio
245 976 368 1050 legiones
383 991 497 1030 numero
511 975 654 1031 bominum
673 975 845 1047 expleverat3
869 993 955 1048 quum

139 1052 220 1108 initio
230 1068 285 1107 non
294 1051 413 1124 amplius
424 1048 533 1106 duobus
544 1050 670 1107 millibus
679 1051 833 1106 habuisset.
855 1051 912 1108 Sed
923 1071 956 1108 ex

139 1128 216 1184 omni
229 1128 309 1200 copia
318 1128 427 1183 circiter
440 1143 504 1200 pars
514 1135 610 1200 quarta
623 1136 680 1183 erat
690 1127 861 1184 militaribus
872 1131 956 1185 armis

140 1205 288 1272 instructa;
302 1203 396 1267 ceteri,
404 1212 435 1259 ut
445 1219 584 1275 quemque
594 1220 675 1258 casus
686 1213 848 1269 armaverat,
861 1222 956 1278 sparos

141 1288 189 1336 aut
207 1279 331 1344 lanceas,
356 1279 405 1334 alii
423 1287 582 1351 praeacutas
600 1279 685 1334 sudes
704 1279 860 1353 portabant.
893 1281 956 1338 ¹Sed

140 1363 287 1430 postquam
296 1353 432 1410 Antonius
443 1371 506 1409 cum
517 1356 641 1410 exercitu
650 1355 825 1421 adventabat,
839 1355 957 1413 Catilina

140 1450 190 1506 per
208 1439 315 1487 montes
334 1432 386 1486 iter
406 1430 509 1496 facere,
535 1429 616 1487 modo
636 1430 670 1486 ad
690 1432 802 1496 urbem,
824 1433 908 1489 modo
929 1435 957 1489 in

141 1507 261 1565 Galliam
275 1524 374 1563 versus
389 1516 477 1564 castra
491 1524 616 1577 mover03
640 1507 768 1564 hostibus
783 1511 957 1565 occasionem

139 1582 284 1660 pugnandi
294 1600 348 1640 non
362 1583 441 1640 dare:
461 1585 590 1658 sperabat
604 1584 765 1658 propediem
780 1601 897 1658 magnas
912 1597 959 1642 co'·

140 1661 201 1734 pias
215 1677 276 1716 sese
291 1659 465 1727 habiturum,
487 1663 511 1717 si
526 1662 627 1718 Romae
646 1662 715 1718 socii
736 1662 844 1734 incepta
865 1670 959 1734 patra-

140 1739 257 1794 vissent.
295 1739 402 1795 Interea
416 1739 530 1812 servitia
540 1737 717 1811 repudiabat,
739 1739 822 1808 cuiue
830 1738 913 1793 initio
925 1739 959 1794 ad

140 1831 205 1869 eum
214 1831 331 1888 magnae
342 1815 437 1887 copiae
447 1814 659 1877 concurrebant,
676 1813 777 1886 opibus
789 1814 960 1871 coniuratio-

140 1889 184 1944 nis
195 1889 295 1954 fretus;
312 1890 396 1945 simul
407 1890 529 1946 alienum
539 1891 598 1943 suis
609 1888 762 1944 rationibus
773 1891 959 1957 existumans,

137 1964 232 2053 videri
240 1981 367 2021 caussam
379 1965 484 2021 civium
495 1980 558 2019 cum
571 1961 680 2038 [servis]
693 1963 821 2040 fugitivis
832 1982 962 2026 commu-

140 2058 291 2098 meavisse.

193 2116 274 2174 LVII.
296 2115 351 2172 Sed
369 2125 515 2188 postquam
529 2117 559 2170 in
574 2125 662 2173 castra
683 2118 802 2174 nuncius
817 2121 958 2191 pervenit,

139 2192 240 2248 Romae
250 2193 466 2249 coniurationem
477 2191 656 2264 patefactam,
668 2195 703 2251 de
712 2194 843 2260 Lentulo,
855 2193 959 2252 Cethe-

139 2286 187 2342 go,
204 2269 317 2334 ceteris,
334 2285 404 2341 quos
418 2286 500 2342 supra
515 2272 680 2336 memoravi,
697 2267 869 2342 supplicium
879 2289 959 2328 sum-

138 2354 231 2418 ptum:
253 2344 395 2418 plerique,
416 2362 486 2416 quos
500 2345 534 2400 ad
546 2345 652 2403 bellum
663 2362 726 2418 spes
738 2345 899 2416 rapinarum
911 2358 959 2404 aut

140 2437 274 2477 novarum
289 2437 383 2475 rerum
392 2420 518 2476 studium
528 2422 669 2486 illexerat,
691 2420 867 2479 dilabuntur:
889 2425 957 2480 reli-

140 2514 209 2571 quos
219 2495 337 2553 Catilina
348 2513 398 2568 per
407 2505 514 2552 montes
524 2515 636 2572 asperos
647 2497 756 2570 magnis
765 2496 916 2556 itineribus
927 2501 956 2556 in

140 2590 237 2648 agrum
246 2571 442 2627 Pistoriensem
454 2572 581 2639 abducit,
598 2591 630 2629 eo
639 2572 769 2637 consilio,
787 2574 827 2628 uti
839 2591 890 2646 par
899 2584 956 2631 tra·

133 2653 221 2707 ‹mites
234 2645 340 2704 occulto
354 2646 515 2720 perfugeret
530 2650 560 2704 in
575 2648 694 2705 Galliam
711 2645 955 2728 [Transalpinam].

141 2727 175 2783 At
193 2725 225 2794 Q.
241 2719 366 2781 Metellus
381 2720 461 2776 Celer
474 2739 539 2778 cum
557 2723 646 2778 tribus
665 2721 824 2794 legionibus
838 2725 867 2779 in
888 2743 954 2800 agro
