2058 3032
146 174 177 228 40
348 179 375 225 C.
396 179 523 226 curam
542 171 748 226 sALLUsTIl

143 287 266 338 catervas
295 277 424 342 habebat.
482 280 551 340 Nam
583 279 754 351 quicumque
782 276 959 351 impudicus.

143 355 264 422 adulter,
279 371 381 430 ganeo,
397 371 496 420 manu,
511 362 622 420 ¹ventre,
634 371 720 428 pene.
731 355 802 412 hone
812 354 903 426 patria
914 353 961 420 la·

143 439 295 501 ceraverat;
320 432 428 506 quique
449 430 572 495 alienum
589 448 636 490 aee
654 430 767 505 grande¹
779 428 957 496 conflaverat,

143 523 198 580 quo
208 505 345 582 flagitium
355 516 402 568 aut
413 505 521 572 lacinus
531 506 692 577 redimerem
707 515 959 579 praetereamus

142 582 272 656 undique
282 582 450 658 parricidae,
467 583 612 659 sacrilegi,
629 582 749 640 convicti
763 582 893 648 iudiciis,
910 589 960 638 aut

142 677 192 733 pro
202 659 284 720 lactis
294 659 431 717 iudicium
441 660 583 730 timentem
599 659 711 725 adhoc,
723 675 794 733 qnos
803 675 904 722 manus
916 667 960 714 at-

142 752 198 808 que
212 736 310 811 lingua
324 735 447 808 periurio
462 745 509 792 aut
522 737 659 812 sanguine
678 735 758 792 civili
772 735 877 804 dabra
905 751 959 807 W

143 820 244 870 soemo
254 829 364 878 omnes,
376 828 446 885 quos
457 810 608 888 flagitium,
621 819 743 888 egestas,
755 813 884 869 conscius
894 812 959 866 ani-

143 905 205 946 mus
220 906 271 946 sxa
293 887 391 946 tabat:
411 888 442 944 hi
456 887 591 946 Catilinae
605 889 733 963 proxumi
748 887 958 959 familiaresque

142 973 230 1022 erant.
254 904 374 1036 'guedel
389 965 454 1038 quis
469 967 552 1023 etiam
567 983 582 1021 a
596 965 679 1037 culpa
694 981 799 1022 vacuus
813 965 843 1020 in
858 963 959 1020 amici-

142 1040 209 1096 tiam
223 1040 285 1105 eius
300 1039 449 1108 inciderat,
474 1039 636 1114 quotidiano
651 1058 705 1098 usu
717 1048 800 1114 atque
814 1038 958 1096 illecebris

143 1115 225 1173 laoile
238 1133 289 1189 par
302 1117 461 1189 similisque
480 1118 579 1175 ceteris
600 1115 782 1180 efficiebatur.
822 1114 879 1173 Sed
897 1132 959 1177 ma-

143 1191 471 1249 xumetadulescentium
494 1192 696 1252 familiaritates
717 1191 877 1266 appetebat:
908 1208 958 1252 eo-

142 1284 205 1324 rum
226 1269 312 1324 animi
330 1267 428 1324 molles
448 1276 475 1324 et
495 1275 582 1325 aetate
600 1266 669 1323 fluxi
687 1268 761 1324 dolis
782 1267 857 1324 haud
879 1266 958 1324 dilli-

143 1343 230 1399 culter
244 1343 435 1416 capiebantur.
475 1343 545 1400 Nam
562 1345 604 1400 uti
623 1345 761 1416 cuiusque
776 1344 903 1402 numum
921 1361 957 1400 ex

143 1428 230 1484 aetate
240 1417 386 1493 flagrabat,
404 1418 467 1476 aliis
477 1427 566 1478 scorta
577 1419 723 1492 praebere,
740 1419 805 1484 aliis
820 1436 904 1477 canes
915 1429 959 1478 at*

43 1545 46 1552 ,
142 1513 197 1570 que
212 1512 298 1567 equos
312 1495 443 1564 mercari3
469 1503 609 1568 postremo
621 1496 842 1569 nequesumtoi.
864 1511 957 1568 neque

142 1571 293 1630 modestiae
314 1588 380 1628 suae
395 1588 523 1646 parcere,
548 1572 616 1630 dum
634 1572 698 1633 illos
717 1571 852 1635 obnoxios
870 1570 957 1630 lidos·

143 1667 197 1722 que
217 1647 273 1716 sibi
293 1646 404 1714 laceret.
445 1648 523 1717 Scio,
550 1648 637 1708 luisse
656 1649 819 1714 nonnullos.
847 1648 956 1720 quiite

125 1728 356 1808 'exinumarent
380 1725 569 1793 iuventutem,
595 1743 667 1798 quae
688 1724 801 1780 domum
820 1722 956 1784 Catilinae

142 1799 349 1872 frequentabat,
372 1817 472 1872 parum
492 1802 606 1864 honeste
622 1799 787 1874 pudicitiam
806 1798 954 1858 habuisse:

143 1875 191 1932 sed
201 1893 237 1936 ex
245 1877 309 1942 aliis
318 1875 401 1934 rebus
411 1876 602 1949 magisaquam
610 1875 687 1949 quod
697 1872 829 1948 cuiquem
839 1875 869 1932 id
880 1893 957 1932 oom-

5 1917 6 1950 ³
80 1979 83 1986 ι
143 1959 252 2024 partum
261 1951 340 2019 foret,
354 1952 422 2018 haec
432 1950 506 2016 fama
514 1952 634 2014 velabit·

198 2027 260 2086 XV.
279 2029 336 2084 Iam
354 2027 478 2101 primum
492 2026 657 2086 adulescens
672 2026 791 2086 Catilina
804 2027 891 2084 multe
906 2045 956 2084 ne-

144 2102 226 2160 landa
241 2112 339 2176 stupra
353 2104 454 2160 leomat
469 2119 533 2160 cum
543 2103 767 2178 virginenobili.
789 2121 852 2164 oum
863 2121 956 2166 sacar-

143 2179 206 2236 dote
225 2179 336 2248 Vestam
373 2180 428 2241 alia
451 2179 647 2243 huiusmmodi
666 2187 759 2240 contra
780 2179 825 2235 ius
846 2178 953 2252 fasque.

144 2255 295 2324 Postremo,
317 2265 414 2328 eaptus
433 2273 526 2317 amoro
538 2257 668 2324 Aureliae
682 2255 840 2320 Orestillae,
861 2257 951 2321 euius,

143 2339 251 2404 praeter
262 2329 387 2398 formam,
399 2333 471 2396 nihil
483 2350 615 2406 nmquam
625 2333 714 2396 bonus
726 2329 863 2400 laudavit;
879 2332 952 2404 qnod

144 2424 175 2464 ea
190 2405 294 2468 nubere
309 2406 353 2464 illi
368 2407 527 2477 dubitabat,
558 2410 660 2469 timens
678 2408 840 2482 privignum
860 2407 951 2464 odrnlta

144 2490 244 2553 aetate3
266 2493 403 2556 procerte
418 2484 553 2552 ereditur,
574 2495 670 2544 necato
685 2483 757 2549 lilio,
778 2483 953 2540 vacuando·

146 2577 222 2628 mum
232 2561 356 2626 scelestis
369 2562 475 2631 nuptiis
485 2561 596 2620 fecisse.
635 2560 711 2627 Quae
722 2558 836 2631 quidem
845 2577 889 2616 res
900 2561 950 2615 mi·

148 2638 175 2692 hi
189 2639 219 2693 in
234 2636 332 2710 primis
346 2633 457 2692 videtur
467 2654 565 2694 caussa
574 2635 662 2694 luisse
673 2634 802 2691 facinoris
813 2642 951 2692 maturan-

147 2713 186 2770 di.
214 2715 338 2785 Namque
347 2711 455 2768 enimus
467 2710 603 2783 impurus,
615 2709 672 2766 diis
682 2707 898 2780 hominibusque
907 2712 949 2765 io-
