2070 3036
248 223 538 274 IUGURTHINUM.
563 229 642 276 CAP.
662 231 696 277 85,
812 231 873 286 'llll

58 334 140 384 certe
151 327 310 400 peperisse,
330 345 413 402 quam
429 333 749 404 acceptamcorrupiese,
771 340 871 397 melius

58 412 117 460 est.
160 404 298 475 Equidem
310 422 360 478 ego
373 423 424 461 non
438 407 548 480 ignoro,
570 408 593 461 si
610 409 663 462 iani
677 411 744 465 milii
759 431 872 486 respon-

7 525 8 538 ,
57 480 132 536 derc
148 481 251 543 vellat,
280 481 390 536 abunde
411 483 468 537 illis
490 482 634 538 iucundam
651 494 677 540 et
691 493 871 559 compositam

56 557 219 614 orationem
240 556 306 612 lore.
329 557 400 619 ¹Scd
422 560 449 626 in
471 576 601 616 maxumo
617 571 707 616 vostro
727 564 870 633 bettelicio,

55 651 153 708 quum
169 633 299 690 omnibus
316 633 383 688 locis
397 653 441 689 me
453 652 557 706 vosque
571 635 726 692 maledictis
739 640 868 708 lacerent,

55 729 116 766 non
132 710 238 782 placuit
249 712 376 774 reticere,
392 729 424 764 ne
435 713 499 782 quis
512 711 672 767 modestiam
686 717 713 768 in
726 720 870 773 conscien-

56 789 131 843 tiam
144 785 269 841 duceret.
309 787 378 840 Nam
389 804 432 840 me
443 786 571 858 quidem,
596 790 727 845 exanimi
740 794 792 847 mei
805 812 871 849 sen-

57 863 168 924 te'ntia,
186 862 293 916 laedere
305 863 380 916 nulla
391 863 478 916 oratio
490 873 590 933 potest:
608 867 713 936 quippe
727 885 804 930 veru,
821 887 870 925 ne-

53 955 141 994 cesse
153 947 195 993 est
207 938 275 993 lione
289 940 442 1009 praedicet,
468 937 564 992 laisum
579 941 634 994 vita
652 958 796 1014 moresque
813 947 867 1001 ntei

53 1023 208 1086 superant.
248 1013 303 1068 Sed
319 1015 449 1086 quoniam
462 1024 551 1069 vostra
566 1017 680 1071 consilia
693 1032 866 1089 accusantur,

52 1092 108 1165 qui
127 1090 197 1145 milri
213 1107 352 1144 summum
370 1091 455 1144 hortor
510 1101 708 1149 et-inaxuntum
726 1101 866 1168 negotium

52 1166 251 1240 imposuistis:
264 1168 346 1222 etiatu
358 1175 440 1238 atque
450 1169 533 1220 etiam
546 1179 681 1239 reputate,
695 1188 760 1226 nuru
773 1191 866 1232 cortun

52 1242 262 1319 poenitendum
273 1244 320 1297 sit.
351 1244 409 1297 Non
421 1259 533 1314 possum
546 1243 610 1300 fidei
621 1261 718 1302 caussa
731 1249 866 1322 imagines

52 1337 154 1392 neque
175 1318 330 1391 triumphos
349 1330 395 1374 aut
409 1320 568 1375 consulatus
589 1323 722 1379 maiorum
744 1343 866 1383 meorum

52 1405 213 1462 ostentarc;
228 1405 267 1457 at,
280 1397 304 1450 si
317 1414 359 1450 res
371 1396 502 1467 postulat,
515 1397 620 1462 hastas,
635 1401 784 1462 vexillum.
797 1404 867 1475 plia-

52 1475 143 1536 lcras,
156 1471 210 1526 alia
223 1470 351 1526 militaria
363 1472 448 1534 dona;
459 1481 597 1543 praeterea
609 1476 752 1533 cicatrices
764 1480 865 1535 adver·

51 1569 86 1607 so
99 1563 226 1620 corpore.
267 1549 321 1604 llac
331 1559 395 1603 sunt
408 1565 484 1602 meae
496 1549 645 1622 imagines,
667 1551 734 1607 haec
745 1572 804 1610 mea
818 1573 867 1610 no·

52 1627 173 1687 bilitas,
191 1641 243 1678 non
257 1622 406 1679 hereditate
418 1624 527 1680 relicta.
545 1636 574 1679 ut
586 1625 633 1680 illa
646 1626 716 1690 illis,
732 1630 781 1684 sed
793 1648 864 1701 (pauc

52 1709 171 1778 egomet
187 1699 323 1772 plurumis
339 1701 407 1754 rucis
426 1699 567 1754 laboribus
581 1711 609 1754 et
627 1703 759 1772 periculis
779 1722 866 1776 quae·
930 1716 937 1729 ·

51 1779 127 1837 sivi.
150 1777 208 1831 Non
223 1786 288 1831 sunt
298 1776 447 1847 composita
461 1793 520 1830 moa
532 1776 629 1832 verba:
649 1780 726 1849 parvi
739 1780 767 1834 id
780 1780 862 1849 laitioq

50 1858 120 1930 ipsa
135 1870 166 1908 se
180 1852 269 1907 virtus
284 1853 351 1908 satis
366 1852 499 1908 ostendit:
522 1853 581 1907 illis
597 1854 713 1909 attiliciu
727 1872 797 1927 opus
812 1867 862 1924 est,

52 1941 87 1988 ut
104 1929 197 2001 turpia
213 1927 282 1983 lacta
292 1928 414 1984 oratione
426 1938 527 2000 tegant.
568 1931 663 2002 Neque
675 1931 767 1986 literas
779 1934 864 1989 Grae-

54 2027 104 2064 cas
116 2004 220 2061 didici:
238 2021 335 2076 parum
346 2005 471 2077 placebat
480 2022 526 2059 eas
537 2003 658 2070 discere,
675 2008 780 2079 quippe
791 2025 863 2080 quae

53 2084 91 2141 ad
114 2083 246 2138 virtutem
269 2080 428 2136 doctoribus
446 2081 516 2135 niliil
536 2081 708 2153 prosuerunt.
748 2085 861 2150 altillo,

53 2159 147 2217 multo
158 2166 270 2228 optuma
282 2156 466 2228 reipublicae,
479 2157 575 2212 doctus
586 2175 662 2212 sum:
679 2157 785 2214 hostem
798 2159 863 2215 leri-

53 2253 100 2300 ae,
130 2232 269 2306 praesidia
285 2233 402 2306 agitare3
428 2232 498 2287 niliil
517 2243 652 2296 metuere,
675 2234 729 2288 nisi
755 2244 863 2308 turpem

54 2313 176 2377 famam;
191 2307 479 2363 hiememetaestatem
491 2310 566 2364 iuxta
576 2312 646 2382 pati:
660 2308 737 2364 humi
751 2314 863 2384 requie·

52 2404 149 2454 ecere;
170 2384 267 2440 eodem
283 2393 405 2456 tempore
421 2384 542 2456 inopiam
558 2397 584 2441 et
599 2385 719 2440 laborem
735 2389 860 2446 tolerare.

51 2467 105 2522 llis
117 2479 170 2536 ego
180 2462 334 2532 praeceptis
346 2460 448 2514 milites
459 2461 600 2516 hortabor:
616 2479 705 2536 neque
716 2464 778 2519 illos
789 2476 862 2522 arcte

52 2541 162 2601 colam,
180 2555 224 2592 me
234 2537 392 2609 opulentam
411 2552 500 2609 neque
511 2538 627 2610 gloriam
640 2557 727 2595 uicum
741 2541 861 2597 laborem

52 2619 171 2676 illorum
182 2612 292 2668 faciam.
324 2614 379 2668 lloc
389 2619 431 2668 est
443 2613 524 2675 utile,
543 2613 594 2669 hoc
604 2615 688 2672 civile
699 2617 860 2689 imperium.

51 2697 200 2763 Namque,
221 2705 308 2761 quum
324 2699 381 2746 tute
392 2706 441 2762 per
452 2690 595 2746 mollitiem
607 2709 687 2766 agas,
709 2695 861 2748 exercitum

52 2767 200 2843 supplicio
210 2781 323 2840 cogere,
338 2765 369 2822 id
379 2775 421 2823 ast
431 2764 588 2833 dominum,
603 2785 658 2825 noa
669 2769 860 2842 imperatorem
