<?xml version="1.0" encoding="UTF-8"?>
<!DOCTYPE html PUBLIC "-//W3C//DTD XHTML 1.0 Transitional//EN"
    "http://www.w3.org/TR/xhtml1/DTD/xhtml1-transitional.dtd">
<html xmlns="http://www.w3.org/1999/xhtml" xml:lang="en" lang="en">
 <head>
  <title>
</title>
<meta http-equiv="Content-Type" content="text/html;charset=utf-8" />
  <meta name='ocr-system' content='tesseract 3.04.00' />
  <meta name='ocr-capabilities' content='ocr_page ocr_carea ocr_par ocr_line ocrx_word'/>
</head>
<body>
  <div class='ocr_page' id='page_1' title='image "./ccrispisallusti00nobbgoog_0075.png"; bbox 0 0 2058 3032; ppageno 0'>
   <div class='ocr_carea' id='block_1_1' title="bbox 135 189 785 268">
    <p class='ocr_par' dir='ltr' id='par_1_1' title="bbox 135 189 785 268">
     <span class='ocr_line' id='line_1_1' title="bbox 135 189 785 268; baseline -0.003 -8"><span class='ocrx_word' id='word_1_1' title='bbox 135 207 192 268; x_wconf 72' lang='lat' dir='ltr'><strong>ei,</strong></span> <span class='ocrx_word' id='word_1_2' title='bbox 241 193 245 202; x_wconf 86' lang='grc'><em>“</em></span> <span class='ocrx_word' id='word_1_3' title='bbox 283 189 309 260; x_wconf 77' lang='lat' dir='ltr'><strong>c&#39;.</strong></span> <span class='ocrx_word' id='word_1_4' title='bbox 335 213 390 258; x_wconf 85' lang='lat' dir='ltr'><strong>cn.</strong></span> <span class='ocrx_word' id='word_1_5' title='bbox 411 211 615 258; x_wconf 80' lang='lat' dir='ltr'><strong>snnnusrn</strong></span> <span class='ocrx_word' id='word_1_6' title='bbox 634 213 785 258; x_wconf 77' lang='lat' dir='ltr'><strong>sennen</strong></span> 
     </span>
    </p>
   </div>
   <div class='ocr_carea' id='block_1_2' title="bbox 93 311 939 2800">
    <p class='ocr_par' dir='ltr' id='par_1_2' title="bbox 123 311 937 764">
     <span class='ocr_line' id='line_1_2' title="bbox 135 311 936 384; baseline -0.001 -16"><span class='ocrx_word' id='word_1_7' title='bbox 135 313 218 369; x_wconf 78' lang='lat' dir='ltr'><strong>facile</strong></span> <span class='ocrx_word' id='word_1_8' title='bbox 230 329 294 368; x_wconf 85' lang='lat' dir='ltr'><strong>eum</strong></span> <span class='ocrx_word' id='word_1_9' title='bbox 311 329 486 377; x_wconf 73' lang='lat' dir='ltr'><strong>occasurum,</strong></span> <span class='ocrx_word' id='word_1_10' title='bbox 508 313 640 384; x_wconf 86' lang='lat' dir='ltr'><strong>praefecit</strong></span> <span class='ocrx_word' id='word_1_11' title='bbox 654 311 800 376; x_wconf 75' lang='lat' dir='ltr'><strong>Numidis,</strong></span> <span class='ocrx_word' id='word_1_12' title='bbox 817 329 888 383; x_wconf 90' lang='lat' dir='ltr'><strong>quos</strong></span> <span class='ocrx_word' id='word_1_13' title='bbox 907 315 936 368; x_wconf 89' lang='lat' dir='ltr'><strong>in</strong></span> 
     </span>
     <span class='ocr_line' id='line_1_3' title="bbox 134 387 936 461; baseline -0.004 -15"><span class='ocrx_word' id='word_1_14' title='bbox 134 390 293 461; x_wconf 78' lang='lat' dir='ltr'>Hispaniam</span> <span class='ocrx_word' id='word_1_15' title='bbox 315 388 450 444; x_wconf 85' lang='lat' dir='ltr'><strong>mittebat.</strong></span> <span class='ocrx_word' id='word_1_16' title='bbox 490 388 544 444; x_wconf 91' lang='lat' dir='ltr'><strong>Sed</strong></span> <span class='ocrx_word' id='word_1_17' title='bbox 565 407 596 443; x_wconf 91' lang='lat' dir='ltr'><strong>ea</strong></span> <span class='ocrx_word' id='word_1_18' title='bbox 615 406 659 444; x_wconf 87' lang='lat' dir='ltr'><strong>res</strong></span> <span class='ocrx_word' id='word_1_19' title='bbox 680 389 761 461; x_wconf 80' lang='lat' dir='ltr'><strong>longe</strong></span> <span class='ocrx_word' id='word_1_20' title='bbox 780 387 873 453; x_wconf 84' lang='lat' dir='ltr'><strong>aliter,</strong></span> <span class='ocrx_word' id='word_1_21' title='bbox 905 407 936 443; x_wconf 88' lang='lat' dir='ltr'><strong>ac</strong></span> 
     </span>
     <span class='ocr_line' id='line_1_4' title="bbox 134 464 935 538; baseline -0.004 -17"><span class='ocrx_word' id='word_1_22' title='bbox 134 474 209 522; x_wconf 86' lang='lat' dir='ltr'><strong>ratus</strong></span> <span class='ocrx_word' id='word_1_23' title='bbox 220 474 290 530; x_wconf 82' lang='lat' dir='ltr'><strong>erat,</strong></span> <span class='ocrx_word' id='word_1_24' title='bbox 311 466 413 521; x_wconf 88' lang='lat' dir='ltr'><strong>evenit.</strong></span> <span class='ocrx_word' id='word_1_25' title='bbox 453 465 522 519; x_wconf 88' lang='lat' dir='ltr'><strong>Nam</strong></span> <span class='ocrx_word' id='word_1_26' title='bbox 532 464 677 538; x_wconf 78' lang='lat' dir='ltr'><strong>iugurtha,</strong></span> <span class='ocrx_word' id='word_1_27' title='bbox 698 471 799 521; x_wconf 82' lang='lat' dir='ltr'><strong>uteret</strong></span> <span class='ocrx_word' id='word_1_28' title='bbox 813 465 935 537; x_wconf 81' lang='lat' dir='ltr'><strong>impigro</strong></span> 
     </span>
     <span class='ocr_line' id='line_1_5' title="bbox 135 539 935 616; baseline -0.004 -19"><span class='ocrx_word' id='word_1_29' title='bbox 135 550 216 616; x_wconf 87' lang='lat' dir='ltr'><strong>atque</strong></span> <span class='ocrx_word' id='word_1_30' title='bbox 227 542 283 597; x_wconf 89' lang='lat' dir='ltr'><strong>acri</strong></span> <span class='ocrx_word' id='word_1_31' title='bbox 293 540 414 614; x_wconf 79' lang='lat' dir='ltr'>ingenie,</span> <span class='ocrx_word' id='word_1_32' title='bbox 427 539 476 593; x_wconf 90' lang='lat' dir='ltr'><strong>ubi</strong></span> <span class='ocrx_word' id='word_1_33' title='bbox 487 547 613 594; x_wconf 90' lang='lat' dir='ltr'><strong>naturam</strong></span> <span class='ocrx_word' id='word_1_34' title='bbox 623 539 808 611; x_wconf 87' lang='lat' dir='ltr'><strong>P.Scipionis,</strong></span> <span class='ocrx_word' id='word_1_35' title='bbox 816 541 864 610; x_wconf 88' lang='lat' dir='ltr'><strong>qui</strong></span> <span class='ocrx_word' id='word_1_36' title='bbox 876 548 935 594; x_wconf 91' lang='lat' dir='ltr'><strong>tum</strong></span> 
     </span>
     <span class='ocr_line' id='line_1_6' title="bbox 133 614 937 688; baseline -0.004 -15"><span class='ocrx_word' id='word_1_37' title='bbox 133 618 263 672; x_wconf 81' lang='lat' dir='ltr'><strong>Romanis</strong></span> <span class='ocrx_word' id='word_1_38' title='bbox 276 617 424 688; x_wconf 84' lang='lat' dir='ltr'><strong>imperator</strong></span> <span class='ocrx_word' id='word_1_39' title='bbox 438 624 508 679; x_wconf 87' lang='lat' dir='ltr'><strong>erat,</strong></span> <span class='ocrx_word' id='word_1_40' title='bbox 534 624 560 670; x_wconf 88' lang='lat' dir='ltr'><strong>et</strong></span> <span class='ocrx_word' id='word_1_41' title='bbox 574 632 677 671; x_wconf 88' lang='lat' dir='ltr'><strong>morem</strong></span> <span class='ocrx_word' id='word_1_42' title='bbox 692 614 814 670; x_wconf 90' lang='lat' dir='ltr'><strong>hostium</strong></span> <span class='ocrx_word' id='word_1_43' title='bbox 834 629 937 688; x_wconf 74' lang='lat' dir='ltr'><strong>cogno-</strong></span> 
     </span>
     <span class='ocr_line' id='line_1_7' title="bbox 123 689 936 764; baseline -0.004 -16"><span class='ocrx_word' id='word_1_44' title='bbox 123 696 184 759; x_wconf 67' lang='lat' dir='ltr'><strong>uit,</strong></span> <span class='ocrx_word' id='word_1_45' title='bbox 197 692 284 748; x_wconf 87' lang='lat' dir='ltr'><strong>multo</strong></span> <span class='ocrx_word' id='word_1_46' title='bbox 295 692 386 747; x_wconf 86' lang='lat' dir='ltr'><strong>labore</strong></span> <span class='ocrx_word' id='word_1_47' title='bbox 397 691 538 762; x_wconf 90' lang='lat' dir='ltr'><strong>multaque</strong></span> <span class='ocrx_word' id='word_1_48' title='bbox 548 708 622 757; x_wconf 81' lang='lat' dir='ltr'><strong>cura,</strong></span> <span class='ocrx_word' id='word_1_49' title='bbox 638 699 777 764; x_wconf 83' lang='lat' dir='ltr'><strong>praeterea</strong></span> <span class='ocrx_word' id='word_1_50' title='bbox 787 689 936 746; x_wconf 86' lang='lat' dir='ltr'><strong>modestis-</strong></span> 
     </span>
    </p>

    <p class='ocr_par' dir='ltr' id='par_1_3' title="bbox 114 766 937 1730">
     <span class='ocr_line' id='line_1_8' title="bbox 114 766 935 842; baseline -0.005 -18"><span class='ocrx_word' id='word_1_51' title='bbox 114 831 117 837; x_wconf 46' lang='lat'><em>,</em></span> <span class='ocrx_word' id='word_1_52' title='bbox 133 785 212 824; x_wconf 86' lang='lat' dir='ltr'><strong>sume</strong></span> <span class='ocrx_word' id='word_1_53' title='bbox 226 767 347 842; x_wconf 84' lang='lat' dir='ltr'><strong>parendo</strong></span> <span class='ocrx_word' id='word_1_54' title='bbox 362 774 388 821; x_wconf 88' lang='lat' dir='ltr'><strong>et</strong></span> <span class='ocrx_word' id='word_1_55' title='bbox 402 782 484 838; x_wconf 86' lang='lat' dir='ltr'><strong>saepe</strong></span> <span class='ocrx_word' id='word_1_56' title='bbox 503 767 614 822; x_wconf 87' lang='lat' dir='ltr'><strong>obviam</strong></span> <span class='ocrx_word' id='word_1_57' title='bbox 632 766 723 822; x_wconf 92' lang='lat' dir='ltr'><strong>eundo</strong></span> <span class='ocrx_word' id='word_1_58' title='bbox 736 766 884 839; x_wconf 87' lang='lat' dir='ltr'><strong>periculis,</strong></span> <span class='ocrx_word' id='word_1_59' title='bbox 905 768 935 821; x_wconf 92' lang='lat' dir='ltr'><strong>in</strong></span> 
     </span>
     <span class='ocr_line' id='line_1_9' title="bbox 133 842 937 914; baseline -0.004 -14"><span class='ocrx_word' id='word_1_60' title='bbox 133 854 235 900; x_wconf 78' lang='lat' dir='ltr'><strong>tantam</strong></span> <span class='ocrx_word' id='word_1_61' title='bbox 246 842 438 899; x_wconf 77' lang='lat' dir='ltr'><strong>claritudinem</strong></span> <span class='ocrx_word' id='word_1_62' title='bbox 449 842 528 897; x_wconf 89' lang='lat' dir='ltr'><strong>brevi</strong></span> <span class='ocrx_word' id='word_1_63' title='bbox 538 843 713 914; x_wconf 82' lang='lat' dir='ltr'><strong>pervenerat,</strong></span> <span class='ocrx_word' id='word_1_64' title='bbox 735 851 765 896; x_wconf 89' lang='lat' dir='ltr'><strong>ut</strong></span> <span class='ocrx_word' id='word_1_65' title='bbox 774 843 937 898; x_wconf 84' lang='lat' dir='ltr'><strong>nostrisve-</strong></span> 
     </span>
     <span class='ocr_line' id='line_1_10' title="bbox 133 917 934 986; baseline -0.001 -12"><span class='ocrx_word' id='word_1_66' title='bbox 133 921 274 976; x_wconf 83' lang='lat' dir='ltr'><strong>hementer·</strong></span> <span class='ocrx_word' id='word_1_67' title='bbox 288 935 381 986; x_wconf 80' lang='lat' dir='ltr'><strong>carus,</strong></span> <span class='ocrx_word' id='word_1_68' title='bbox 402 917 578 973; x_wconf 81' lang='lat' dir='ltr'><strong>Numantinis</strong></span> <span class='ocrx_word' id='word_1_69' title='bbox 595 935 725 974; x_wconf 84' lang='lat' dir='ltr'><strong>maxumo</strong></span> <span class='ocrx_word' id='word_1_70' title='bbox 739 919 836 973; x_wconf 88' lang='lat' dir='ltr'><strong>terreri</strong></span> <span class='ocrx_word' id='word_1_71' title='bbox 851 927 934 973; x_wconf 84' lang='lat' dir='ltr'><strong>esset.</strong></span> 
     </span>
     <span class='ocr_line' id='line_1_11' title="bbox 133 991 935 1066; baseline -0.001 -16"><span class='ocrx_word' id='word_1_72' title='bbox 133 997 172 1051; x_wconf 74' lang='lat' dir='ltr'><strong>ele</strong></span> <span class='ocrx_word' id='word_1_73' title='bbox 182 1013 262 1061; x_wconf 86' lang='lat' dir='ltr'><strong>sane,</strong></span> <span class='ocrx_word' id='word_1_74' title='bbox 274 995 349 1066; x_wconf 89' lang='lat' dir='ltr'><strong>quod</strong></span> <span class='ocrx_word' id='word_1_75' title='bbox 360 991 566 1049; x_wconf 80' lang='lat' dir='ltr'><strong>difficillumum</strong></span> <span class='ocrx_word' id='word_1_76' title='bbox 576 995 606 1048; x_wconf 92' lang='lat' dir='ltr'><strong>in</strong></span> <span class='ocrx_word' id='word_1_77' title='bbox 616 995 714 1066; x_wconf 89' lang='lat' dir='ltr'><strong>primis</strong></span> <span class='ocrx_word' id='word_1_78' title='bbox 725 1001 779 1058; x_wconf 82' lang='lat' dir='ltr'><strong>est¹</strong></span> <span class='ocrx_word' id='word_1_79' title='bbox 793 1000 819 1048; x_wconf 86' lang='lat' dir='ltr'><strong>et</strong></span> <span class='ocrx_word' id='word_1_80' title='bbox 828 993 935 1064; x_wconf 85' lang='lat' dir='ltr'><strong>praelio</strong></span> 
     </span>
     <span class='ocr_line' id='line_1_12' title="bbox 133 1068 936 1142; baseline -0.001 -17"><span class='ocrx_word' id='word_1_81' title='bbox 133 1080 261 1127; x_wconf 86' lang='lat' dir='ltr'><strong>strenuus</strong></span> <span class='ocrx_word' id='word_1_82' title='bbox 271 1079 341 1133; x_wconf 80' lang='lat' dir='ltr'><strong>eret,</strong></span> <span class='ocrx_word' id='word_1_83' title='bbox 359 1078 385 1124; x_wconf 88' lang='lat' dir='ltr'><strong>et</strong></span> <span class='ocrx_word' id='word_1_84' title='bbox 396 1068 484 1124; x_wconf 88' lang='lat' dir='ltr'><strong>bonus</strong></span> <span class='ocrx_word' id='word_1_85' title='bbox 495 1069 623 1138; x_wconf 89' lang='lat' dir='ltr'><strong>consilio;</strong></span> <span class='ocrx_word' id='word_1_86' title='bbox 644 1085 761 1142; x_wconf 89' lang='lat' dir='ltr'><strong>quorum</strong></span> <span class='ocrx_word' id='word_1_87' title='bbox 772 1068 889 1124; x_wconf 86' lang='lat' dir='ltr'><strong>alterurn</strong></span> <span class='ocrx_word' id='word_1_88' title='bbox 900 1086 936 1124; x_wconf 85' lang='lat' dir='ltr'><strong>ex</strong></span> 
     </span>
     <span class='ocr_line' id='line_1_13' title="bbox 132 1145 935 1218; baseline 0 -18"><span class='ocrx_word' id='word_1_89' title='bbox 132 1147 306 1218; x_wconf 89' lang='lat' dir='ltr'><strong>providentia</strong></span> <span class='ocrx_word' id='word_1_90' title='bbox 320 1147 460 1209; x_wconf 88' lang='lat' dir='ltr'><strong>timorem,</strong></span> <span class='ocrx_word' id='word_1_91' title='bbox 481 1145 596 1201; x_wconf 86' lang='lat' dir='ltr'><strong>alterum</strong></span> <span class='ocrx_word' id='word_1_92' title='bbox 612 1163 647 1201; x_wconf 82' lang='lat' dir='ltr'><strong>ex</strong></span> <span class='ocrx_word' id='word_1_93' title='bbox 662 1145 776 1201; x_wconf 86' lang='lat' dir='ltr'><strong>audacia</strong></span> <span class='ocrx_word' id='word_1_94' title='bbox 794 1145 935 1200; x_wconf 87' lang='lat' dir='ltr'><strong>temerita-</strong></span> 
     </span>
     <span class='ocr_line' id='line_1_14' title="bbox 133 1219 936 1294; baseline 0.001 -19"><span class='ocrx_word' id='word_1_95' title='bbox 133 1231 187 1276; x_wconf 89' lang='lat' dir='ltr'><strong>tem</strong></span> <span class='ocrx_word' id='word_1_96' title='bbox 220 1222 384 1294; x_wconf 87' lang='lat' dir='ltr'><strong>plerumque</strong></span> <span class='ocrx_word' id='word_1_97' title='bbox 416 1219 511 1276; x_wconf 82' lang='lat' dir='ltr'><strong>afferre</strong></span> <span class='ocrx_word' id='word_1_98' title='bbox 540 1221 619 1276; x_wconf 90' lang='lat' dir='ltr'><strong>solet.</strong></span> <span class='ocrx_word' id='word_1_99' title='bbox 671 1219 758 1294; x_wconf 77' lang='lat' dir='ltr'><strong>Igitur</strong></span> <span class='ocrx_word' id='word_1_100' title='bbox 786 1221 936 1291; x_wconf 84' lang='lat' dir='ltr'><strong>imperator</strong></span> 
     </span>
     <span class='ocr_line' id='line_1_15' title="bbox 133 1295 936 1368; baseline -0.001 -16"><span class='ocrx_word' id='word_1_101' title='bbox 133 1299 223 1352; x_wconf 91' lang='lat' dir='ltr'><strong>omnis</strong></span> <span class='ocrx_word' id='word_1_102' title='bbox 235 1296 290 1352; x_wconf 89' lang='lat' dir='ltr'><strong>lere</strong></span> <span class='ocrx_word' id='word_1_103' title='bbox 301 1314 344 1350; x_wconf 88' lang='lat' dir='ltr'><strong>res</strong></span> <span class='ocrx_word' id='word_1_104' title='bbox 355 1311 465 1366; x_wconf 79' lang='lat' dir='ltr'><strong>saperes</strong></span> <span class='ocrx_word' id='word_1_105' title='bbox 474 1312 524 1368; x_wconf 90' lang='lat' dir='ltr'><strong>per</strong></span> <span class='ocrx_word' id='word_1_106' title='bbox 533 1295 694 1368; x_wconf 79' lang='lat' dir='ltr'><strong>Iugurtham</strong></span> <span class='ocrx_word' id='word_1_107' title='bbox 706 1312 800 1368; x_wconf 78' lang='lat' dir='ltr'><strong>agere,</strong></span> <span class='ocrx_word' id='word_1_108' title='bbox 822 1296 852 1351; x_wconf 92' lang='lat' dir='ltr'><strong>in</strong></span> <span class='ocrx_word' id='word_1_109' title='bbox 863 1299 936 1351; x_wconf 91' lang='lat' dir='ltr'><strong>ami-</strong></span> 
     </span>
     <span class='ocr_line' id='line_1_16' title="bbox 134 1370 933 1443; baseline 0.001 -17"><span class='ocrx_word' id='word_1_110' title='bbox 134 1374 175 1426; x_wconf 88' lang='lat' dir='ltr'><strong>cis</strong></span> <span class='ocrx_word' id='word_1_111' title='bbox 188 1371 303 1435; x_wconf 85' lang='lat' dir='ltr'><strong>habere,</strong></span> <span class='ocrx_word' id='word_1_112' title='bbox 325 1370 414 1443; x_wconf 82' lang='lat' dir='ltr'><strong>magis</strong></span> <span class='ocrx_word' id='word_1_113' title='bbox 429 1371 573 1443; x_wconf 77' lang='lat' dir='ltr'><strong>magisque</strong></span> <span class='ocrx_word' id='word_1_114' title='bbox 589 1388 653 1427; x_wconf 88' lang='lat' dir='ltr'><strong>eum</strong></span> <span class='ocrx_word' id='word_1_115' title='bbox 668 1372 697 1426; x_wconf 92' lang='lat' dir='ltr'><strong>in</strong></span> <span class='ocrx_word' id='word_1_116' title='bbox 711 1371 772 1426; x_wconf 91' lang='lat' dir='ltr'><strong>dies</strong></span> <span class='ocrx_word' id='word_1_117' title='bbox 786 1371 933 1443; x_wconf 88' lang='lat' dir='ltr'><strong>amplecti:</strong></span> 
     </span>
     <span class='ocr_line' id='line_1_17' title="bbox 133 1445 934 1520; baseline 0 -18"><span class='ocrx_word' id='word_1_118' title='bbox 133 1449 323 1520; x_wconf 90' lang='lat' dir='ltr'><strong>quippecuius</strong></span> <span class='ocrx_word' id='word_1_119' title='bbox 334 1462 424 1517; x_wconf 89' lang='lat' dir='ltr'><strong>neque</strong></span> <span class='ocrx_word' id='word_1_120' title='bbox 433 1445 581 1501; x_wconf 90' lang='lat' dir='ltr'><strong>consilium</strong></span> <span class='ocrx_word' id='word_1_121' title='bbox 591 1463 681 1519; x_wconf 89' lang='lat' dir='ltr'><strong>neque</strong></span> <span class='ocrx_word' id='word_1_122' title='bbox 692 1449 832 1518; x_wconf 87' lang='lat' dir='ltr'><strong>inceptum</strong></span> <span class='ocrx_word' id='word_1_123' title='bbox 843 1447 934 1502; x_wconf 83' lang='lat' dir='ltr'><strong>ullum</strong></span> 
     </span>
     <span class='ocr_line' id='line_1_18' title="bbox 134 1521 935 1579; baseline 0 -1"><span class='ocrx_word' id='word_1_124' title='bbox 134 1523 234 1579; x_wconf 77' lang='lat' dir='ltr'><strong>frustra</strong></span> <span class='ocrx_word' id='word_1_125' title='bbox 248 1530 315 1578; x_wconf 88' lang='lat' dir='ltr'><strong>erat.</strong></span> <span class='ocrx_word' id='word_1_126' title='bbox 353 1522 413 1577; x_wconf 90' lang='lat' dir='ltr'><strong>lluc</strong></span> <span class='ocrx_word' id='word_1_127' title='bbox 431 1521 579 1577; x_wconf 80' lang='lat' dir='ltr'><strong>accedebat</strong></span> <span class='ocrx_word' id='word_1_128' title='bbox 596 1522 784 1578; x_wconf 87' lang='lat' dir='ltr'><strong>munificentia</strong></span> <span class='ocrx_word' id='word_1_129' title='bbox 802 1523 889 1578; x_wconf 91' lang='lat' dir='ltr'><strong>animi</strong></span> <span class='ocrx_word' id='word_1_130' title='bbox 908 1533 935 1578; x_wconf 90' lang='lat' dir='ltr'><strong>et</strong></span> 
     </span>
     <span class='ocr_line' id='line_1_19' title="bbox 133 1597 935 1674; baseline -0.002 -20"><span class='ocrx_word' id='word_1_131' title='bbox 133 1600 239 1674; x_wconf 80' lang='lat' dir='ltr'><strong>ingenii</strong></span> <span class='ocrx_word' id='word_1_132' title='bbox 250 1598 369 1663; x_wconf 81' lang='lat' dir='ltr'><strong>solertia,</strong></span> <span class='ocrx_word' id='word_1_133' title='bbox 379 1597 482 1671; x_wconf 89' lang='lat' dir='ltr'><strong>quibus</strong></span> <span class='ocrx_word' id='word_1_134' title='bbox 492 1597 575 1653; x_wconf 88' lang='lat' dir='ltr'><strong>robus</strong></span> <span class='ocrx_word' id='word_1_135' title='bbox 585 1598 641 1654; x_wconf 88' lang='lat' dir='ltr'><strong>sibi</strong></span> <span class='ocrx_word' id='word_1_136' title='bbox 651 1599 752 1655; x_wconf 88' lang='lat' dir='ltr'><strong>multos</strong></span> <span class='ocrx_word' id='word_1_137' title='bbox 762 1615 797 1652; x_wconf 89' lang='lat' dir='ltr'><strong>ex</strong></span> <span class='ocrx_word' id='word_1_138' title='bbox 803 1598 935 1654; x_wconf 85' lang='lat' dir='ltr'><strong>Romanis</strong></span> 
     </span>
     <span class='ocr_line' id='line_1_20' title="bbox 135 1675 596 1730; baseline 0.002 -2"><span class='ocrx_word' id='word_1_139' title='bbox 135 1675 265 1730; x_wconf 84' lang='lat' dir='ltr'><strong>familiari</strong></span> <span class='ocrx_word' id='word_1_140' title='bbox 275 1675 397 1730; x_wconf 86' lang='lat' dir='ltr'><strong>amicitia</strong></span> <span class='ocrx_word' id='word_1_141' title='bbox 407 1675 596 1730; x_wconf 82' lang='lat' dir='ltr'><strong>coniunxerat.</strong></span> 
     </span>
    </p>

    <p class='ocr_par' dir='ltr' id='par_1_4' title="bbox 131 1749 939 2351">
     <span class='ocr_line' id='line_1_21' title="bbox 187 1749 939 1821; baseline 0.001 -16"><span class='ocrx_word' id='word_1_142' title='bbox 187 1751 256 1806; x_wconf 85' lang='lat' dir='ltr'><strong>Vlll.</strong></span> <span class='ocrx_word' id='word_1_143' title='bbox 276 1751 315 1806; x_wconf 82' lang='lat' dir='ltr'><strong>Ea</strong></span> <span class='ocrx_word' id='word_1_144' title='bbox 328 1751 528 1821; x_wconf 81' lang='lat' dir='ltr'><strong>tempestatein</strong></span> <span class='ocrx_word' id='word_1_145' title='bbox 538 1750 661 1808; x_wconf 84' lang='lat' dir='ltr'><strong>exercitu</strong></span> <span class='ocrx_word' id='word_1_146' title='bbox 671 1759 763 1805; x_wconf 89' lang='lat' dir='ltr'><strong>nostro</strong></span> <span class='ocrx_word' id='word_1_147' title='bbox 773 1749 939 1806; x_wconf 70' lang='lat' dir='ltr'><strong>luciacum·-</strong></span> 
     </span>
     <span class='ocr_line' id='line_1_22' title="bbox 131 1823 936 1896; baseline 0.001 -15"><span class='ocrx_word' id='word_1_148' title='bbox 131 1825 240 1895; x_wconf 82' lang='lat' dir='ltr'><strong>plunes,</strong></span> <span class='ocrx_word' id='word_1_149' title='bbox 270 1827 335 1882; x_wconf 93' lang='lat' dir='ltr'><strong>novi</strong></span> <span class='ocrx_word' id='word_1_150' title='bbox 356 1833 437 1896; x_wconf 85' lang='lat' dir='ltr'><strong>etque</strong></span> <span class='ocrx_word' id='word_1_151' title='bbox 456 1825 577 1889; x_wconf 87' lang='lat' dir='ltr'><strong>nobiles,</strong></span> <span class='ocrx_word' id='word_1_152' title='bbox 606 1825 710 1895; x_wconf 91' lang='lat' dir='ltr'><strong>quibus</strong></span> <span class='ocrx_word' id='word_1_153' title='bbox 728 1823 843 1880; x_wconf 89' lang='lat' dir='ltr'><strong>divitiae</strong></span> <span class='ocrx_word' id='word_1_154' title='bbox 861 1825 936 1882; x_wconf 86' lang='lat' dir='ltr'><strong>bono</strong></span> 
     </span>
     <span class='ocr_line' id='line_1_23' title="bbox 133 1897 935 1974; baseline 0.005 -21"><span class='ocrx_word' id='word_1_155' title='bbox 133 1897 434 1974; x_wconf 73' lang='lat' dir='ltr'><strong>honestoque‘potiores</strong></span> <span class='ocrx_word' id='word_1_156' title='bbox 450 1908 539 1964; x_wconf 85' lang='lat' dir='ltr'><strong>erant,</strong></span> <span class='ocrx_word' id='word_1_157' title='bbox 562 1899 683 1964; x_wconf 64' lang='lat' dir='ltr'><strong>factiosi3</strong></span> <span class='ocrx_word' id='word_1_158' title='bbox 705 1898 780 1955; x_wconf 91' lang='lat' dir='ltr'><strong>domi</strong></span> <span class='ocrx_word' id='word_1_159' title='bbox 798 1909 935 1971; x_wconf 85' lang='lat' dir='ltr'><strong>potentes,</strong></span> 
     </span>
     <span class='ocr_line' id='line_1_24' title="bbox 133 1973 937 2048; baseline 0.005 -20"><span class='ocrx_word' id='word_1_160' title='bbox 133 1975 206 2046; x_wconf 84' lang='lat' dir='ltr'><strong>apud</strong></span> <span class='ocrx_word' id='word_1_161' title='bbox 216 1977 305 2030; x_wconf 85' lang='lat' dir='ltr'><strong>socios</strong></span> <span class='ocrx_word' id='word_1_162' title='bbox 316 1975 383 2030; x_wconf 83' lang='lat' dir='ltr'><strong>clari</strong></span> <span class='ocrx_word' id='word_1_163' title='bbox 393 1975 481 2047; x_wconf 78' lang='lat' dir='ltr'><strong>magis</strong></span> <span class='ocrx_word' id='word_1_164' title='bbox 490 1991 575 2046; x_wconf 88' lang='lat' dir='ltr'><strong>quam</strong></span> <span class='ocrx_word' id='word_1_165' title='bbox 588 1973 710 2030; x_wconf 87' lang='lat' dir='ltr'><strong>honesti:</strong></span> <span class='ocrx_word' id='word_1_166' title='bbox 726 1977 776 2047; x_wconf 87' lang='lat' dir='ltr'><strong>qui</strong></span> <span class='ocrx_word' id='word_1_167' title='bbox 785 1977 937 2048; x_wconf 77' lang='lat' dir='ltr'><strong>iugurthae</strong></span> 
     </span>
     <span class='ocr_line' id='line_1_25' title="bbox 133 2049 934 2121; baseline 0.005 -18"><span class='ocrx_word' id='word_1_168' title='bbox 133 2067 187 2104; x_wconf 92' lang='lat' dir='ltr'><strong>non</strong></span> <span class='ocrx_word' id='word_1_169' title='bbox 207 2049 374 2106; x_wconf 71' lang='lat' dir='ltr'><strong>mediocrem</strong></span> <span class='ocrx_word' id='word_1_170' title='bbox 396 2051 518 2104; x_wconf 86' lang='lat' dir='ltr'><strong>animum</strong></span> <span class='ocrx_word' id='word_1_171' title='bbox 537 2050 717 2121; x_wconf 84' lang='lat' dir='ltr'><strong>pollicitando</strong></span> <span class='ocrx_word' id='word_1_172' title='bbox 736 2051 934 2118; x_wconf 82' lang='lat' dir='ltr'><strong>accendebant,</strong></span> 
     </span>
     <span class='ocr_line' id='line_1_26' title="bbox 132 2123 938 2201; baseline 0.007 -23"><span class='ocrx_word' id='word_1_173' title='bbox 132 2126 157 2178; x_wconf 87' lang='lat' dir='ltr'><strong>si</strong></span> <span class='ocrx_word' id='word_1_174' title='bbox 167 2127 282 2200; x_wconf 81' lang='lat' dir='ltr'><strong>Micipsa</strong></span> <span class='ocrx_word' id='word_1_175' title='bbox 293 2144 342 2182; x_wconf 82' lang='lat' dir='ltr'><strong>rer</strong></span> <span class='ocrx_word' id='word_1_176' title='bbox 351 2123 511 2189; x_wconf 83' lang='lat' dir='ltr'><strong>occidisset,</strong></span> <span class='ocrx_word' id='word_1_177' title='bbox 529 2125 600 2190; x_wconf 84' lang='lat' dir='ltr'><strong>lore,</strong></span> <span class='ocrx_word' id='word_1_178' title='bbox 611 2127 652 2182; x_wconf 95' lang='lat' dir='ltr'><strong>uti</strong></span> <span class='ocrx_word' id='word_1_179' title='bbox 663 2127 739 2182; x_wconf 88' lang='lat' dir='ltr'><strong>solus</strong></span> <span class='ocrx_word' id='word_1_180' title='bbox 748 2127 866 2201; x_wconf 89' lang='lat' dir='ltr'><strong>imperio</strong></span> <span class='ocrx_word' id='word_1_181' title='bbox 875 2129 938 2184; x_wconf 63' lang='lat' dir='ltr'><strong>Nm</strong></span> 
     </span>
     <span class='ocr_line' id='line_1_27' title="bbox 132 2199 937 2273; baseline 0.009 -20"><span class='ocrx_word' id='word_1_182' title='bbox 132 2199 235 2256; x_wconf 87' lang='lat' dir='ltr'><strong>midiae</strong></span> <span class='ocrx_word' id='word_1_183' title='bbox 245 2203 392 2273; x_wconf 84' lang='lat' dir='ltr'><strong>potiretur:</strong></span> <span class='ocrx_word' id='word_1_184' title='bbox 405 2201 435 2256; x_wconf 86' lang='lat' dir='ltr'><strong>in</strong></span> <span class='ocrx_word' id='word_1_185' title='bbox 444 2199 506 2272; x_wconf 92' lang='lat' dir='ltr'><strong>ipse</strong></span> <span class='ocrx_word' id='word_1_186' title='bbox 516 2218 675 2260; x_wconf 81' lang='lat' dir='ltr'><strong>maxumam</strong></span> <span class='ocrx_word' id='word_1_187' title='bbox 683 2203 820 2267; x_wconf 83' lang='lat' dir='ltr'><strong>virtutem,</strong></span> <span class='ocrx_word' id='word_1_188' title='bbox 832 2202 937 2260; x_wconf 88' lang='lat' dir='ltr'><strong>Romae</strong></span> 
     </span>
     <span class='ocr_line' id='line_1_28' title="bbox 132 2275 937 2351; baseline 0.005 -21"><span class='ocrx_word' id='word_1_189' title='bbox 132 2277 424 2334; x_wconf 84' lang='lat' dir='ltr'><strong>omniavenalieesse.</strong></span> <span class='ocrx_word' id='word_1_190' title='bbox 452 2275 508 2332; x_wconf 90' lang='lat' dir='ltr'><strong>Sed</strong></span> <span class='ocrx_word' id='word_1_191' title='bbox 518 2286 679 2351; x_wconf 85' lang='lat' dir='ltr'><strong>postquam,</strong></span> <span class='ocrx_word' id='word_1_192' title='bbox 700 2279 846 2334; x_wconf 86' lang='lat' dir='ltr'><strong>Numantia</strong></span> <span class='ocrx_word' id='word_1_193' title='bbox 856 2278 937 2336; x_wconf 86' lang='lat' dir='ltr'><strong>dele-</strong></span> 
     </span>
    </p>

    <p class='ocr_par' dir='ltr' id='par_1_5' title="bbox 93 2351 937 2800">
     <span class='ocr_line' id='line_1_29' title="bbox 93 2351 937 2426; baseline 0.006 -21"><span class='ocrx_word' id='word_1_194' title='bbox 93 2373 98 2386; x_wconf 87' lang='lat'><strong>·</strong></span> <span class='ocrx_word' id='word_1_195' title='bbox 132 2360 174 2416; x_wconf 84' lang='lat' dir='ltr'><strong>ta,</strong></span> <span class='ocrx_word' id='word_1_196' title='bbox 191 2351 222 2406; x_wconf 88' lang='lat' dir='ltr'><strong>P.</strong></span> <span class='ocrx_word' id='word_1_197' title='bbox 234 2351 328 2424; x_wconf 85' lang='lat' dir='ltr'><strong>Scipio</strong></span> <span class='ocrx_word' id='word_1_198' title='bbox 339 2352 478 2410; x_wconf 83' lang='lat' dir='ltr'><strong>dimittere</strong></span> <span class='ocrx_word' id='word_1_199' title='bbox 489 2354 591 2409; x_wconf 83' lang='lat' dir='ltr'><strong>auxilia</strong></span> <span class='ocrx_word' id='word_1_200' title='bbox 603 2355 699 2426; x_wconf 85' lang='lat' dir='ltr'><strong>etipse</strong></span> <span class='ocrx_word' id='word_1_201' title='bbox 709 2355 810 2410; x_wconf 87' lang='lat' dir='ltr'><strong>reverti</strong></span> <span class='ocrx_word' id='word_1_202' title='bbox 821 2354 937 2410; x_wconf 88' lang='lat' dir='ltr'><strong>domum</strong></span> 
     </span>
     <span class='ocr_line' id='line_1_30' title="bbox 134 2427 936 2504; baseline 0.005 -22"><span class='ocrx_word' id='word_1_203' title='bbox 134 2427 269 2484; x_wconf 85' lang='lat' dir='ltr'><strong>decrevit:</strong></span> <span class='ocrx_word' id='word_1_204' title='bbox 301 2428 432 2485; x_wconf 87' lang='lat' dir='ltr'><strong>donatum</strong></span> <span class='ocrx_word' id='word_1_205' title='bbox 454 2436 536 2500; x_wconf 80' lang='lat' dir='ltr'><strong>atque</strong></span> <span class='ocrx_word' id='word_1_206' title='bbox 558 2429 701 2486; x_wconf 82' lang='lat' dir='ltr'><strong>laudatum</strong></span> <span class='ocrx_word' id='word_1_207' title='bbox 719 2427 864 2503; x_wconf 81' lang='lat' dir='ltr'><strong>magnifice</strong></span> <span class='ocrx_word' id='word_1_208' title='bbox 883 2449 936 2504; x_wconf 89' lang='lat' dir='ltr'><strong>pro</strong></span> 
     </span>
     <span class='ocr_line' id='line_1_31' title="bbox 134 2502 936 2577; baseline 0.001 -18"><span class='ocrx_word' id='word_1_209' title='bbox 134 2505 264 2560; x_wconf 85' lang='lat' dir='ltr'><strong>concione</strong></span> <span class='ocrx_word' id='word_1_210' title='bbox 278 2504 439 2574; x_wconf 75' lang='lat' dir='ltr'><strong>luguntbarn</strong></span> <span class='ocrx_word' id='word_1_211' title='bbox 457 2505 486 2560; x_wconf 93' lang='lat' dir='ltr'><strong>in</strong></span> <span class='ocrx_word' id='word_1_212' title='bbox 500 2506 669 2576; x_wconf 83' lang='lat' dir='ltr'><strong>praetorium</strong></span> <span class='ocrx_word' id='word_1_213' title='bbox 686 2502 816 2568; x_wconf 83' lang='lat' dir='ltr'><strong>adduxit,</strong></span> <span class='ocrx_word' id='word_1_214' title='bbox 838 2505 936 2577; x_wconf 82' lang='lat' dir='ltr'><strong>ibique</strong></span> 
     </span>
     <span class='ocr_line' id='line_1_32' title="bbox 136 2579 934 2651; baseline 0.003 -17"><span class='ocrx_word' id='word_1_215' title='bbox 136 2590 242 2638; x_wconf 82' lang='lat' dir='ltr'><strong>secrete</strong></span> <span class='ocrx_word' id='word_1_216' title='bbox 253 2579 372 2640; x_wconf 85' lang='lat' dir='ltr'><strong>monuit,</strong></span> <span class='ocrx_word' id='word_1_217' title='bbox 394 2582 435 2633; x_wconf 88' lang='lat' dir='ltr'><strong>uti</strong></span> <span class='ocrx_word' id='word_1_218' title='bbox 450 2582 542 2650; x_wconf 89' lang='lat' dir='ltr'><strong>potius</strong></span> <span class='ocrx_word' id='word_1_219' title='bbox 552 2581 678 2651; x_wconf 81' lang='lat' dir='ltr'><strong>publice,</strong></span> <span class='ocrx_word' id='word_1_220' title='bbox 699 2595 782 2649; x_wconf 85' lang='lat' dir='ltr'><strong>quarn</strong></span> <span class='ocrx_word' id='word_1_221' title='bbox 792 2581 934 2650; x_wconf 78' lang='lat' dir='ltr'><strong>privatim,</strong></span> 
     </span>
     <span class='ocr_line' id='line_1_33' title="bbox 137 2653 937 2726; baseline -0.001 -14"><span class='ocrx_word' id='word_1_222' title='bbox 137 2657 285 2714; x_wconf 87' lang='lat' dir='ltr'><strong>amicitiam</strong></span> <span class='ocrx_word' id='word_1_223' title='bbox 299 2653 395 2726; x_wconf 89' lang='lat' dir='ltr'><strong>populi</strong></span> <span class='ocrx_word' id='word_1_224' title='bbox 409 2654 441 2707; x_wconf 80' lang='lat' dir='ltr'><strong>ll.</strong></span> <span class='ocrx_word' id='word_1_225' title='bbox 458 2653 571 2709; x_wconf 84' lang='lat' dir='ltr'><strong>coleret:</strong></span> <span class='ocrx_word' id='word_1_226' title='bbox 592 2671 646 2710; x_wconf 88' lang='lat' dir='ltr'><strong>nou</strong></span> <span class='ocrx_word' id='word_1_227' title='bbox 660 2654 765 2724; x_wconf 89' lang='lat' dir='ltr'><strong>quibus</strong></span> <span class='ocrx_word' id='word_1_228' title='bbox 780 2655 875 2726; x_wconf 79' lang='lat' dir='ltr'><strong>largiri</strong></span> <span class='ocrx_word' id='word_1_229' title='bbox 890 2658 937 2711; x_wconf 89' lang='lat' dir='ltr'><strong>in·</strong></span> 
     </span>
     <span class='ocr_line' id='line_1_34' title="bbox 137 2727 936 2800; baseline -0.003 -11"><span class='ocrx_word' id='word_1_230' title='bbox 137 2740 284 2789; x_wconf 75' lang='lat' dir='ltr'><strong>suesceret.</strong></span> <span class='ocrx_word' id='word_1_231' title='bbox 323 2727 671 2800; x_wconf 70' lang='lat' dir='ltr'><strong>Periculoseapauciaemi</strong></span> <span class='ocrx_word' id='word_1_232' title='bbox 700 2727 775 2782; x_wconf 80' lang='lat' dir='ltr'><strong>mlod</strong></span> <span class='ocrx_word' id='word_1_233' title='bbox 785 2730 936 2787; x_wconf 88' lang='lat' dir='ltr'><strong>multorum</strong></span> 
     </span>
    </p>
   </div>
   <div class='ocr_carea' id='block_1_3' title="bbox 0 0 1034 3032">
    <p class='ocr_par' dir='ltr' id='par_1_6' title="bbox 0 0 1034 3032">
     <span class='ocr_line' id='line_1_35' title="bbox 0 0 1034 3032; baseline 0 0"><span class='ocrx_word' id='word_1_234' title='bbox 0 0 1034 3032; x_wconf 95' lang='lat' dir='ltr'><strong> </strong></span> 
     </span>
    </p>
   </div>
  </div>
 </body>
</html>
