2058 3032
130 199 146 252 b
336 203 363 250 G.
383 203 511 249 eliisei
530 201 736 248 SALLUSTII

120 313 237 379 ¹potero,
249 306 348 377 paucis
359 304 512 360 absolvam.
550 304 620 358 Nam
634 301 665 356 id
681 300 788 356 lacinus
803 302 943 374 inprimis

130 398 182 455 ego
201 380 381 436 memorabile
400 379 552 443 existumo,
583 377 696 433 sceleris
722 386 804 449 atque
822 378 943 450 periculi

130 455 262 512 novitate.
291 457 330 512 De
343 457 423 511 cuius
437 454 558 509 hominis
570 449 693 509 moribus
703 469 791 526 pauca
802 453 881 526 prius
893 472 943 510 ex-

129 531 268 604 plananda
279 540 353 597 sunt,
365 548 449 603 quem
459 531 572 586 initium
583 528 713 586 narrandi
724 528 835 584 latiam.

184 608 217 663 V.
248 607 353 664 Lucius
372 607 504 672 Catilina,
536 604 625 661 nobili
644 622 745 678 genere
765 612 860 670 natue,
889 605 945 662 luit

129 699 229 758 magna
239 682 269 739 vi
280 691 306 739 et
317 684 404 739 animi
414 690 441 737 et
451 682 587 754 corporis,
604 681 652 736 sed
669 680 782 754 ingenio
792 680 865 736 malo
877 699 945 755 pra-

130 776 231 831 voque.
271 759 343 814 Huic
357 758 392 813 ab
408 757 594 813 adulescentie
615 756 689 811 bella
708 757 853 822 intestina,
879 775 945 814 cae·

129 835 189 900 des,
205 835 327 907 rapinae,
344 833 484 890 discordia
496 833 589 889 civilis
599 841 676 907 grata
687 831 774 898 luere,
789 833 887 904 ibique
897 836 944 890 iu-

129 920 270 966 ventutem
290 927 369 966 suam
390 911 523 966 exercuit.
564 911 670 983 Corpus
691 910 800 981 patiens
819 910 941 976 inediae,

130 986 245 1060 algoris,
265 985 394 1060 vigiliae,
410 1003 493 1058 supra
504 1002 588 1058 quam
599 985 730 1058 cuiquam
742 984 877 1041 credibile
889 997 942 1042 est.

129 1063 246 1120 Animus
257 1061 361 1128 audax,
378 1061 528 1126 subdolus,
544 1063 654 1127 varius,
671 1062 752 1116 cuius
767 1061 808 1117 rei
822 1060 892 1118 libet
902 1064 944 1118 si·

129 1137 247 1193 mulator
258 1154 289 1192 ac
300 1137 503 1206 dissimulator;
526 1137 610 1193 alieni
621 1145 767 1209 appetens,
790 1137 834 1192 sui
844 1137 944 1210 prolu-

128 1231 191 1278 sus,
214 1212 313 1268 ardens
321 1213 351 1268 in
363 1213 579 1287 cupiditatibus:
608 1214 675 1269 satis
686 1213 873 1285 eloquentiae,
896 1233 944 1271 sa-

128 1290 250 1362 pientiae
264 1305 378 1362 parum:
403 1298 498 1346 vastus
512 1289 827 1355 animusimmoderata,
849 1291 944 1347 inore-

129 1365 242 1430 dibilia,
265 1365 349 1421 nimis
364 1366 418 1421 alta
432 1383 542 1438 semper
551 1365 690 1437 cupiebat.
730 1367 809 1421 llunc
819 1375 881 1438 post
891 1366 943 1424 dc-

128 1441 306 1496 minationem
324 1442 404 1497 Luoii
423 1441 517 1498 Sullae
536 1441 633 1497 lubido
653 1459 782 1497 maxuma
801 1442 943 1500 invaserat

128 1515 300 1589 reipublicae
314 1517 483 1590 capiundae:
505 1534 595 1589 neque
609 1517 639 1572 id
649 1518 754 1590 quibus
764 1517 854 1574 modis
864 1537 943 1576 asse-

128 1601 273 1665 queretur,
286 1592 353 1649 dum
364 1594 420 1649 sibi
430 1611 547 1668 regnum
558 1603 679 1666 pararet,
695 1595 849 1666 quidquam
858 1599 941 1668 pensi

128 1669 257 1725 habebat.
297 1670 460 1744 Agitabatur
478 1671 568 1744 magis
588 1673 733 1744 magisque
752 1672 782 1725 in
800 1670 861 1726 dies
879 1674 944 1728 ani-

128 1763 191 1801 mus
206 1745 284 1803 ferox
297 1747 392 1818 inopia
406 1747 447 1801 rei
462 1745 609 1802 familiaris
624 1755 651 1801 et
665 1747 833 1802 conscientia
850 1749 943 1805 scele-

128 1838 203 1891 rum;
225 1838 297 1893 quae
311 1831 427 1894 utraque
442 1822 488 1876 his
503 1821 609 1877 artibus
624 1831 750 1901 auxerat,
772 1840 842 1895 quas
855 1841 943 1897 supra

127 1899 289 1954 memoravi.
332 1897 486 1956 incitabant
508 1907 648 1970 praeterea
672 1901 793 1971 corrupti
818 1900 942 1957 civitatis

127 1991 231 2039 mores,
246 1990 316 2045 quos
325 1990 455 2047 pessuma
466 1991 498 2028 ac
506 1973 618 2030 diversa
627 1975 699 2029 inter
709 1991 739 2029 se
750 1975 838 2041 mala,
854 1976 942 2032 luxu-

126 2051 168 2106 ria
179 2059 262 2122 atque
272 2051 402 2116 avaritia,
413 2049 563 2106 vexabant.

183 2127 236 2182 Res
246 2127 308 2199 ipsa
317 2125 419 2182 hortari
430 2124 556 2191 videtur,
575 2127 706 2198 quoniam
718 2125 752 2182 de
762 2127 888 2182 moribus
898 2131 941 2184 ci-

126 2203 221 2258 vitatis
235 2210 345 2276 tempus
360 2202 517 2267 admonuit,
538 2218 622 2274 supra
636 2209 773 2275 repetere,
795 2220 826 2258 ac
839 2207 940 2276 paucis

125 2279 252 2334 instituta
266 2278 400 2334 maiorum
416 2278 492 2334 domi
506 2278 694 2351 militiaeque,
713 2278 850 2351 quomodo
864 2298 940 2336 rem-

125 2354 268 2428 publicam
291 2353 453 2420 habuerint,
487 2360 673 2426 quantamque
697 2355 876 2427 reliquerint,
908 2368 940 2414 ut

2 2459 96 2520 m„
125 2430 272 2502 paullatim
281 2429 440 2495 immutata,
452 2449 486 2486 ex
497 2429 694 2504 pulcherruma
703 2447 834 2502 pessuma
845 2449 877 2488 ac
887 2430 939 2488 lla-

125 2506 316 2582 gitiosissuma
325 2505 395 2562 lacta
406 2507 456 2571 sit,
469 2505 616 2562 disserere.

180 2583 226 2639 VI.
245 2581 347 2638 Urbem
357 2582 484 2660 Romam,
505 2583 587 2639 sicuti
598 2600 648 2658 ego
659 2583 767 2656 accepi,
788 2582 939 2642 condidere
965 2611 971 2624 ·

135 2667 208 2732 :tque
218 2657 340 2715 habuere
351 2659 431 2717 initio
442 2659 565 2723 Troiani,
581 2661 645 2732 qui,
656 2659 748 2716 Aenea
759 2659 830 2714 duce
840 2660 940 2732 prolu-

139 2735 164 2808 μ’,
177 2735 292 2791 sedibus
303 2736 416 2790 incertis
427 2735 612 2806 vagabantur:
624 2753 744 2808 cumque
755 2735 799 2790 his
805 2735 939 2812 Aborigi-
