2070 3036
239 229 525 276 ruounrffluuu.
547 224 623 292 car.
643 229 750 277 oo-or.
838 221 885 281 tte

80 329 150 395 tite,
172 329 244 386 nihil
254 329 354 386 hostile
363 335 516 386 metuentes
523 349 534 395 ,²
552 329 632 386 multi
647 332 750 404 oppido
763 336 882 407 egressi,

79 408 197 478 repente
206 407 316 462 omnem
326 401 493 479 emutilatum,
511 415 540 462 et
553 423 616 462 cum
630 406 675 462 his
686 407 884 466 velocissumos

79 482 193 554 pedites
203 493 288 538 cursu·
296 483 409 539 tendere
419 483 454 538 ad
465 483 595 556 Capsam,
619 485 645 538 et
654 491 745 556 portas
755 484 884 542 obsidere

80 559 175 627 iubet;
201 558 303 614 deinde
319 560 379 632 ipse
397 561 519 616 intentus
538 573 653 631 propere
673 561 767 631 sequi,
794 576 885 633 aeque

79 635 187 690 milites
207 635 334 707 praedari
354 637 456 690 sinere.
495 635 570 702 Quae
588 641 733 707 postquam
750 637 883 709 oppidani

40 717 49 743 l
79 725 252 784 cognovere,
274 726 318 767 res
328 711 467 784 trepidae,
483 721 573 766 metus
583 712 696 784 ingeris,
715 703 819 767 malu'rir
830 714 885 768 iru-

78 787 243 860 provisum‚
256 787 291 842 ad
301 784 353 843 hoc
363 792 426 860 pa‘rs
436 787 542 842 civium
551 793 627 842 eitra
637 789 745 842 moenia
755 789 785 843 in
796 789 884 845 hesti-

79 879 130 918 um
141 870 289 936 potestate,
303 867 431 937 coegere,
446 864 488 918 uti
499 863 669 918 deditionem
680 863 810 920 lacerent.
832 865 884 920 tle-

78 947 173 996 terum
186 938 322 1010 oppidum
336 941 495 995 intensum:
516 939 653 995 Numidae
668 939 787 1011 puberes
798 941 884 996 inter-

79 1015 163 1082 fecti;
176 1014 225 1069 alii
235 1031 331 1071 omnes
338 1015 513 1071 venumdati:
525 1014 627 1087 pracda
635 1016 880 1072 militibustlivisa.

77 1091 111 1146 ld
121 1090 231 1160 lacinus
241 1100 334 1146 contra
344 1091 389 1146 ius
399 1090 469 1146 belli
482 1102 537 1147 nou
547 1092 664 1147 avaritia'
676 1103 765 1164 neque
780 1091 883 1149 scelere

78 1166 211 1224 Consulis
231 1166 399 1232 comosum,
424 1166 473 1222 s'ed
493 1167 559 1240 q'uie
576 1167 653 1224 locus
666 1169 814 1242 Iugurthae
833 1183 884 1242 op-

77 1251 227 1316 portunus,
240 1243 321 1299 nobis
332 1243 409 1299 aditu
420 1242 557 1311 diflicilie;
570 1252 659 1317 genus
670 1244 813 1301 hominum
824 1253 883 1301 mo·

79 1319 151 1385 bile,
162 1318 280 1375 infidum
291 1328 363 1386 ante,
375 1331 465 1392 neque
476 1318 610 1376 beneflcio
621 1334 710 1394 neque
720 1331 796 1378 metu
806 1327 882 1378 coer-

79 1396 180 1452 citum.

135 1471 219 1528 XCII.
249 1472 396 1544 Postquam
418 1479 523 1528 mutam
544 1489 602 1527 rem
622 1472 725 1528 Marius
744 1472 805 1530 sine
824 1473 882 1530 ullo

77 1565 194 1606 suorum
210 1547 383 1604 incommodo
397 1548 530 1620 patravit,
556 1563 673 1621 magnus
687 1557 713 1604 ot
728 1549 819 1604 clarus
833 1567 883 1604 an-

77 1634 138 1689 tea,
158 1625 338 1696 moleretque
349 1624 449 1680 clarior
462 1623 559 1678 haberi
573 1624 673 1694 coepit.
712 1623 811 1681 Omnin
825 1639 880 1680 non

75 1702 152 1757 bene
167 1700 290 1756 consulta
305 1700 401 1764 medo,
424 1714 522 1755 verum
536 1699 620 1753 ctiam
634 1713 700 1754 casu
711 1699 773 1755 data
782 1702 811 1755 in
825 1701 882 1755 vir·

76 1786 168 1834 tutem
178 1776 370 1845 trahebantur,
387 1775 506 1840 milites,
518 1773 642 1830 modesto
651 1775 769 1847 imperio
780 1775 879 1842 habiti,

75 1852 379 1924 simuletlocupletes,
402 1849 650 1920 adooelumierre3
675 1851 812 1908 Numidae
822 1863 882 1908 mo-

75 1930 139 2004 gis,
155 1945 239 2000 quam
251 1928 407 1993 mortalem,
426 1929 537 1997 timere;
558 1935 697 2000 postremo
706 1942 802 1984 omnes
813 1931 881 1984 sebit

76 2014 163 2078 atque
177 2004 269 2060 hostes
284 2003 410 2070 credere,
431 2003 475 2058 illi
485 2011 532 2060 aut
541 2012 662 2060 montem
673 2002 798 2077 divinant
809 2013 879 2069 esse,

9 2121 10 2124 ,
75 2089 127 2138 aut
138 2073 253 2136 deorum
262 2089 332 2136 nutu
342 2089 441 2136 cuncta
450 2079 589 2152 portendi.
628 2077 684 2134 Sed
695 2077 811 2146 Consul,
831 2079 881 2136 uhi

75 2174 112 2214 ea
121 2173 166 2212 res
177 2156 248 2212 hene
258 2157 365 2222 evcnit,
385 2156 420 2211 ad
436 2157 490 2210 alia
499 2155 602 2228 oppida
613 2155 717 2229 pergit:
739 2162 827 2228 petico
838 2173 882 2212 re·

75 2232 270 2307 pugnantibus
284 2230 414 2288 Numidis
432 2232 519 2304 capit3
544 2231 626 2305 plura
643 2230 750 2286 deserta
770 2241 882 2306 propter

76 2309 263 2382 Capsensium
278 2309 419 2372 miserias,
441 2308 502 2381 igni
517 2307 681 2379 corrumpit:
704 2307 781 2364 luctu
799 2317 881 2382 outae

75 2384 164 2441 ccede
177 2387 271 2441 omnia
285 2383 469 2456 complentur.
509 2381 632 2454 Denique
645 2383 741 2440 multis
752 2385 821 2440 locis
831 2403 882 2459 po-

76 2462 162 2526 titus,
189 2477 221 2517 ec
234 2459 377 2533 plerisque
396 2460 520 2514 exercitu
539 2460 696 2524 incruento,
719 2461 804 2516 aliani
822 2479 881 2518 reru

76 2535 254 2611 aggreditur,
271 2553 325 2593 non
335 2535 431 2593 eodem
445 2535 605 2608 asperitate,
622 2551 677 2607 qua
687 2535 878 2609 Capsensium,

76 2623 202 2670 ceterum
213 2612 287 2668 haud
298 2629 379 2668 secus
390 2611 545 2667 difficilem.
576 2611 701 2684 Namque
712 2612 880 2686 hnud‘longo

76 2707 94 2744 e
109 2687 224 2744 flumine
237 2689 381 2754 Mulucha,
403 2687 479 2760 quod
498 2687 647 2760 iugurthae
661 2689 818 2760 Bocchique
836 2706 881 2744 re-

77 2781 167 2840 gnum
190 2764 381 2840 disiungebnt,
414 2771 472 2822 erat
494 2763 566 2820 inter
588 2773 707 2821 ceteram
734 2765 878 2838 planitiem
