2070 3036
136 188 149 206 '
245 228 763 280 1ccurtrn1nnn.cn1›.,n-e.
876 225 910 276 es

93 340 121 384 et
141 329 281 384 dissensio
301 329 408 396 civilis,
439 332 520 403 quasi
540 331 690 403 permixtio
709 343 810 396 terrae,
841 332 909 402 oriri

92 407 198 476 coepit.

152 482 236 538 XLlI.
258 482 327 536 Nam
343 491 491 554 postquam
509 482 639 538 Tiberius
659 492 685 537 et
705 483 736 540 C.
754 483 906 548 Gracchus,

4 569 6 614 ὲ
91 574 214 629 quorum
236 558 354 612 maiores
371 559 476 613 Punico
495 566 577 631 atque
600 558 664 614 aliis
684 558 768 615 bellis
788 559 908 615 multum

4 657 6 700 t
91 633 268 705 reipublicae
278 634 456 700 addiderant,
476 635 620 690 vindicare
629 633 743 707 plebem
752 635 783 690 in
794 635 909 690 liberta-

4 719 5 732 *
90 719 150 764 tem
165 719 193 764 et
208 727 361 781 paucorum
373 710 478 766 scelera
488 711 643 783 patefacere
654 727 783 784 coepere:
804 710 909 767 nobili-

91 796 135 840 tas
146 787 231 841 noxie
245 795 328 858 atque
338 804 371 842 eo
380 786 523 858 perculsa,
545 786 628 843 modo
642 803 692 859 per
707 788 797 843 socios
812 805 843 842 ac
857 804 908 842 no-

91 878 158 916 men
168 863 312 928 Latinum,
334 861 475 919 interdum
485 879 535 936 per
544 865 653 936 equites
665 863 814 928 Romanos,
837 881 907 936 quos

90 955 158 1009 spes
168 939 308 995 societatis
319 939 426 1012 aplebo
437 937 602 1005 dimoverat,
620 939 807 996 Gracchorum
822 941 908 994 actio-

90 1013 178 1068 nibus
189 1014 302 1070 obviam
312 1015 394 1070 ierat:
412 1023 439 1070 et
448 1015 540 1088 primo
551 1015 708 1080 Tiberium,
727 1015 793 1071 dein
803 1032 907 1088 paucos

90 1099 156 1162 pest
174 1107 261 1146 annos
281 1091 378 1149 eadem
397 1091 601 1164 ingredientem
621 1090 733 1157 Caium,
762 1092 907 1147 tribunum

89 1165 170 1239 pleb.
186 1167 317 1232 alterum,
343 1167 461 1224 alterum
480 1168 660 1224 triumvirum
680 1167 796 1224 coloniis
817 1167 908 1224 dedu-

90 1241 209 1308 cundis,
234 1260 298 1298 cum
312 1245 350 1300 M.
367 1244 468 1300 Fulvio
481 1244 580 1300 Flacco
593 1243 665 1301 ferro
680 1253 832 1301 necaverat.
872 1245 907 1300 Et

89 1335 159 1373 sane
170 1318 318 1385 Gracchis,
336 1319 470 1392 cupidine
480 1321 628 1385 victoriae,
645 1319 906 1376 haudsatismode-

90 1403 169 1451 ratus
180 1395 291 1452 animus
303 1395 366 1452 luit.
406 1394 548 1453 Sedbono
558 1397 635 1454 vinci
646 1397 735 1466 satius
745 1406 799 1462 est,
821 1413 906 1469 quam

90 1471 165 1528 malo
180 1488 257 1528 more
271 1471 406 1532 iniuriam
420 1472 543 1528 vincera.
583 1473 672 1546 Igitur
681 1490 713 1528 ea
725 1473 841 1528 victoria
855 1489 906 1528 no-

89 1547 188 1604 bilitas
208 1566 245 1603 ex
264 1547 392 1604 lubidine
410 1566 461 1603 sua
481 1565 545 1613 usa,
568 1547 671 1603 multos
690 1548 814 1603 mortalis
833 1547 922 1602 ferro·

89 1632 140 1680 aut
150 1622 216 1698 fuga
227 1625 376 1689 exstinxit,
395 1625 517 1696 plusque
526 1625 555 1679 in
566 1623 708 1695 reliquum
718 1623 775 1680 sibi
786 1624 903 1688 timoris,

88 1717 176 1772 quam
187 1701 340 1771 potentiae,
363 1698 482 1755 addidit.
521 1699 596 1765 Quae
612 1717 656 1754 res
669 1698 835 1771 plerumque
846 1717 906 1754 ma-

88 1793 161 1850 gnas
172 1777 300 1832 civitates
311 1793 425 1848 pessum
435 1775 522 1841 dedit,
530 1775 599 1830 dum
607 1774 686 1830 alteri
698 1775 797 1830 alteros
808 1776 906 1832 vince-

88 1870 120 1907 re
140 1853 241 1924 quovis
261 1851 357 1917 modo,
378 1861 406 1907 et
420 1852 509 1908 victos
527 1852 655 1908 acerbius
675 1850 775 1908 ulcisci
795 1851 904 1908 volunt.

88 1927 148 1984 Sed
166 1927 202 1986 de
222 1927 326 1984 studiis
345 1931 468 2001 partium
487 1937 514 1984 et
527 1929 623 1984 omnis
637 1928 759 1984 civitatis
779 1927 904 1983 moribus

4 2071 6 2076 Ι
87 2004 115 2060 si
130 2005 295 2078 singulatim
311 2014 358 2062 aut
370 2020 421 2077 pro
436 2004 631 2079 magnitudine
645 2021 740 2078 parem
755 2002 902 2069 disserere,

4 2099 5 2142 ς
88 2091 202 2152 tempus
212 2097 298 2152 quam
307 2098 351 2136 res
362 2081 499 2138 mauuius
509 2098 554 2140 me
564 2080 684 2137 deseret.
718 2078 920 2147 Quamobrem·

88 2156 126 2212 ed
137 2157 282 2228 inceptum
291 2156 385 2213 redeo.

147 2233 242 2288 XLlll.
264 2233 328 2289 Post
340 2232 405 2289 nuli
422 2231 520 2290 foedus
535 2234 730 2304 exercitusque
744 2233 831 2288 nostri
844 2232 904 2289 loe-

88 2309 155 2366 dem
171 2307 267 2383 fugam
282 2307 315 2378 Q.
327 2305 455 2365 Metellus
470 2318 497 2366 et
511 2311 548 2367 M.
561 2309 688 2373 Silanus,
708 2307 842 2364 Consules
853 2309 903 2366 dc-

86 2385 207 2458 signeti,
228 2385 388 2458 provincias
403 2386 476 2441 inter
487 2403 518 2442 se
527 2386 712 2458 partiverant:
736 2385 903 2458 Metelloque

86 2460 223 2518 Numidia
234 2470 378 2525 evenerat,
400 2462 457 2516 acri
468 2462 542 2527 viro,
565 2469 592 2516 et
604 2477 774 2534 quamquam
784 2461 902 2517 adverso

87 2537 186 2609 populi
201 2537 343 2610 partibus,
365 2536 437 2592 fama
452 2545 544 2594 tamen
559 2535 701 2609 aequabili
716 2547 743 2593 et
756 2537 900 2594 inviolata.

86 2617 115 2669 ls
124 2614 175 2669 ubi
186 2614 307 2685 primum
319 2613 510 2686 magistratum
519 2613 663 2688 ingressus
674 2625 729 2678 est,
744 2614 798 2668 alia
809 2613 900 2668 omnia

86 2688 146 2745 sibi
156 2706 221 2744 cum
231 2689 335 2762 collega
350 2689 507 2745 communia
521 2697 611 2755 ratus,
633 2688 668 2744 ad
683 2689 803 2753 bellurn,
825 2687 901 2759 quod

4 2797 6 2830 ,
85 2776 219 2840 gesturus
238 2775 310 2831 erat,
335 2767 459 2822 animum
474 2765 605 2822 intendit.
642 2767 744 2840 Igitur,
769 2763 900 2820 diffidens
