2058 3032
144 187 178 240 21
350 191 378 235 0.
399 189 751 236 ctt1sl²18nLLUsT11

144 293 180 349 ri.
219 293 300 347 Nune
321 290 479 347 Orestillam
500 291 552 346 tibi
572 291 734 346 commendo
753 298 872 363 tuaeque
891 291 960 348 lidei

144 365 235 436 trado,
259 384 320 422 eom
330 367 365 422 ab
376 368 478 422 iniuria
489 366 634 432 defendas,
654 384 704 440 par
719 366 821 423 liberos
837 377 899 422 tuos
913 385 961 423 ro—

143 452 236 516 gatus.
258 444 399 498 llaveto.“

200 519 328 574 xxxtu.
349 517 405 574 Sed
414 519 489 590 ipse,
501 534 604 590 pouoos
615 517 677 574 dies
687 527 869 574 commoratus
880 519 958 590 apud

144 594 351 651 C.Flaminium
360 596 390 650 in
401 610 466 668 agro
476 593 616 659 Arretino,
629 594 696 649 dnm
708 594 892 658 vicinitatem,
906 611 960 649 an-

142 681 186 726 tea
201 671 391 734 sollicitatam,
412 671 496 724 armis
512 678 638 735 exornat,
660 687 724 724 oum
739 669 862 726 fascibus
873 678 958 742 atque

143 746 207 802 eliis
218 746 329 817 imperii
340 745 499 817 insignibus
511 745 541 800 in
555 753 643 801 eastra
653 745 687 800 ad
698 745 832 802 Manlium
842 754 959 801 eonten-

142 822 195 880 dlt.
234 823 306 877 liaeo
321 821 370 876 ulti
387 821 486 878 llomae
501 829 639 893 oornporta
653 829 730 886 sunt,
752 821 869 876 Senatus
880 819 959 876 Coti-

143 897 229 954 linam
240 908 267 953 et
277 897 411 953 Manlium
423 897 509 953 hostis
519 897 638 966 iudiootr
662 905 766 952 ceterae
780 896 957 954 multitudini

141 974 217 1032 diem
231 973 341 1037 statuit,
363 982 425 1027 ante
439 990 524 1046 quam
538 974 599 1028 sine
609 972 706 1028 fraude
719 973 815 1028 liceret
824 972 957 1034 obormis

142 1047 299 1112 discedere,
329 1058 436 1121 praeter
459 1065 551 1104 rerum
572 1049 732 1122 capitalium
753 1048 955 1106 condemnatis.

142 1126 283 1180 Praeterea
297 1122 433 1188 decernit,
455 1125 496 1180 nti
511 1124 645 1180 Consules
662 1125 801 1181 deleotnm
818 1122 953 1194 habenot;

140 1201 277 1256 Antonius
293 1216 357 1254 oum
371 1201 494 1255 exercitu
509 1200 656 1256 Catilinam
670 1201 801 1274 persequi
811 1210 951 1268 Μῖνι-εις

142 1275 238 1334 Cicero
250 1275 311 1330 urbi
323 1275 462 1347 praesidio
472 1277 519 1331 sit.

194 1352 233 1406 Ea
245 1360 404 1424 tempestate
413 1351 638 1423 mihiimperium
647 1350 744 1424 populi
752 1352 867 1408 Romani
878 1353 954 1408 mul-

139 1436 167 1484 to
179 1443 308 1483 maxume
319 1426 479 1483 miserabile
487 1427 579 1484 visum
591 1436 645 1483 est:
667 1428 713 1482 oui
726 1445 814 1500 quum
827 1426 863 1484 ad
873 1445 954 1485 onon—

139 1520 201 1559 sum
217 1502 251 1558 ab
265 1513 327 1559 ortu
341 1503 409 1558 solis
424 1505 516 1560 omnia
526 1503 630 1560 domita
645 1504 729 1559 armis
739 1513 881 1576 parerent,
901 1504 953 1562 do·

139 1581 275 1635 mintium
287 1589 370 1651 atque
381 1579 511 1647 divitiae,
522 1595 594 1653 quae
604 1580 693 1654 prima
703 1580 832 1636 mortales
843 1589 951 1654 putant,

139 1653 304 1721 adbaerent,
324 1655 401 1713 fuera
412 1666 503 1713 temen
514 1657 605 1722 cives,
618 1657 667 1729 qui
677 1673 763 1729 seque
774 1673 889 1728 remque
898 1674 953 1729 pu-

137 1731 240 1788 blicam
259 1732 405 1788 obstinatis
425 1735 526 1789 animis
546 1732 686 1804 perditum
705 1732 786 1786 irent.
826 1734 953 1805 Namque

137 1805 248 1864 duobus
259 1808 353 1866 Senati
364 1808 496 1874 decretis,
517 1824 552 1863 ex
561 1816 634 1863 tanta
645 1805 838 1873 multitudine,
860 1825 952 1882 neque

138 1886 260 1956 praemio
275 1884 406 1941 inductus
426 1883 643 1939 coniurationem
660 1880 838 1953 patefecerat,
860 1901 953 1958 neque

137 1975 172 2012 ax
192 1961 289 2015 castris
308 1958 442 2017 Catilinae
461 1959 611 2031 quisquam
626 1957 752 2013 omnium
770 1957 950 2030 dieoesserat;

136 2043 211 2088 tanta
226 2035 270 2089 vis
285 2035 389 2099 morbi,
411 2042 494 2106 atque
507 2034 549 2090 uti
565 2033 656 2098 tobes,
677 2034 825 2107 plerosque
843 2036 952 2093 oivium

50 2111 57 2114 “
137 2111 243 2164 animos
257 2111 406 2166 invaserat.

192 2185 332 2242 XXXVll.
346 2187 442 2258 Neque
453 2185 543 2241 solum
553 2183 612 2240 illis
623 2184 712 2242 aliena
722 2203 800 2241 mens
811 2195 883 2253 erat,
899 2191 950 2260 qui

136 2261 240 2316 conscii
266 2262 465 2318 coniurationis
488 2260 608 2331 inerant3
640 2261 690 2317 sed
713 2263 825 2318 omnino
849 2273 950 2320 eunota

137 2335 233 2407 plebes
248 2352 383 2392 novarum
397 2335 489 2393 'rerum
504 2335 597 2392 studio
610 2335 744 2393 Catilinae
759 2338 869 2410 incepta
884 2355 953 2411 pro-

137 2413 229 2468 babat.
268 2411 299 2467 ld
319 2412 387 2469 adeo
407 2429 482 2470 more
501 2429 551 2470 suo
571 2412 719 2469 videbatur
737 2411 837 2470 facere.
877 2415 951 2471 Nam

137 2505 246 2561 semper
255 2488 285 2543 in
295 2487 417 2554 civitate,
433 2490 536 2562 quibus
546 2507 614 2561 opes
622 2488 716 2544 nullae
725 2497 799 2554 sunt,
811 2490 892 2546 bonis
903 2490 952 2547 io-

56 2598 58 2607 ι
138 2565 247 2630 vident,
273 2564 357 2620 malos
376 2565 526 2631 extollunt3
556 2573 648 2620 vetare
667 2563 763 2630 odere,
790 2582 861 2621 nova
880 2583 951 2624 exo·

140 2652 228 2714 ptam,
241 2639 303 2697 odio
312 2639 423 2696 suorum
433 2657 526 2694 rerum
537 2639 637 2694 mutari
647 2639 739 2694 omnia
748 2639 874 2710 student,
887 2650 952 2698 tur-

140 2719 174 2774 ba
194 2727 275 2794 atque
292 2715 473 2774 seditionibus
494 2715 554 2770 sine
575 2731 641 2770 oure
661 2713 786 2782 aluntur,
814 2720 949 2789 quoniam
