2070 3036
140 215 190 268 m
286 219 314 266 0.
334 218 391 266 CR
411 219 619 266 enuntiem
638 215 792 262 BELLUM

138 321 198 380 mul
217 322 310 379 omnis
326 321 395 378 tuba
413 337 525 384 canere,
556 319 661 375 milites
681 318 832 374 clamorem
852 320 953 376 tollere

139 406 222 472 etque
232 398 320 471 portis
330 415 485 472 erumpere.
518 396 608 452 lllauri
619 404 701 467 atque
712 394 839 460 Goetuli,
855 395 954 469 ignoto

139 483 166 532 et
176 473 306 530 horribili
317 473 409 530 sonitu
421 479 534 546 repente
545 471 644 534 exciti,
666 487 758 542 neque
767 468 881 545 lugere,
903 488 954 527 ne-

139 567 195 624 que
207 568 282 607 arma
294 567 402 624 capere,
417 565 508 620 neque
516 547 631 603 omnino
641 544 731 602 facere
742 554 792 601 aut
801 545 953 619 providere

140 627 294 700 quicquam
308 630 446 698 poterant,
473 624 511 678 itu
526 631 640 680 cunctos
658 622 790 694 strepitu,
817 621 952 688 clamore,

140 702 219 758 nullo
228 701 423 764 subveniente,
436 698 538 755 nostris
547 698 727 762 instantibus,
744 697 879 763 tumultu,
896 707 955 753 ter-

140 793 216 844 rore,
237 776 355 834 lormido
368 775 451 848 quasi
465 774 597 830 vecordia
616 781 737 847 ceperat.
777 772 907 845 Denique
922 793 955 828 o-

141 871 220 910 mues
232 852 287 909 iusi
299 852 458 928 fugatiqu03
481 869 557 906 erma
573 859 600 905 et
613 851 694 924 signa
712 847 846 904 militaria
858 849 956 921 plere-

140 947 196 1003 que
206 939 300 1002 enpte:
321 928 474 1001 pluresque
484 944 516 984 eo
526 925 646 998 praelio,
663 941 748 997 quum
758 924 892 980 omnibus
903 942 955 981 su-

141 1005 314 1080 perioribus,
335 1002 486 1060 interemti.
526 1003 596 1057 Nam
606 1018 704 1057 somno
714 1008 741 1056 et
751 1009 828 1056 metu
837 1001 955 1056 insolito

141 1081 276 1156 impedite
289 1080 365 1155 luga.

198 1157 230 1215 C.
250 1157 319 1212 Dein
334 1153 452 1219 ilarius,
474 1153 516 1209 uti
529 1160 670 1226 coeperet,
690 1152 720 1206 in
736 1150 852 1207 hiberna
865 1151 954 1224 profi·

142 1234 264 1296 ciscitur,
272 1249 344 1304 quae
353 1237 467 1302 propter
476 1240 660 1286 commeatum
670 1228 700 1282 in
709 1227 823 1301 oppidis
834 1229 954 1284 maritu-

143 1310 197 1366 mis
212 1324 293 1382 egere
308 1306 482 1374 decreverut3
505 1322 596 1377 neque
615 1313 706 1359 temen
721 1303 838 1359 victoria
858 1321 952 1359 sooere

144 1393 191 1442 eut
200 1384 324 1440 insoleus
336 1381 440 1450 lactus,
463 1380 527 1447 sed,
548 1379 654 1453 pariter
666 1387 749 1451 etque
759 1379 788 1434 in
800 1389 952 1453 conspectu

145 1462 280 1526 hostium,
311 1457 446 1534 quedrnto
470 1456 582 1532 agmine
602 1454 743 1512 incedere.
784 1453 863 1511 Sulla
886 1461 952 1512 eum
1026 1447 1027 1466 ¹

145 1539 269 1612 equitatu
280 1535 355 1610 apud
365 1535 522 1599 dextumcs,
534 1533 565 1590 iu
574 1532 687 1588 sinistre
698 1538 775 1604 parte
785 1529 819 1586 A.
830 1530 954 1587 llanlius

145 1633 208 1672 cum
225 1611 414 1670 funditoribus
429 1619 456 1667 et
470 1609 635 1686 sagittariis,
661 1615 803 1680 praeterea
823 1607 952 1663 cohortes

146 1691 280 1767 Ligurum
290 1689 418 1746 curabat:
438 1687 544 1761 primos
553 1694 581 1742 at
589 1693 726 1741 extremos
736 1700 801 1739 cum
811 1681 953 1756 expeditis

146 1767 299 1843 manipulis
317 1766 445 1822 tribunos
464 1764 608 1820 locaverat.
647 1759 797 1833 Perlugoe,
827 1760 954 1815 minume

147 1845 204 1900 cari
214 1854 242 1900 et
252 1843 397 1919 regionum
408 1838 611 1901 scientissumi,
628 1835 752 1892 hostiurn
761 1836 814 1890 iter
823 1835 954 1907 explore-

148 1921 227 1978 bant:
254 1919 338 1976 simul
354 1915 472 1981 Consul,
493 1913 575 1990 quusi
595 1912 674 1968 nullo
692 1911 838 1983 imposito,
859 1911 955 1969 omnia

147 1996 308 2071 providero:
330 1993 405 2068 apud
419 1990 511 2048 omnis
525 1989 636 2046 adesse:
659 1986 787 2052 laudare,
809 1987 955 2060 increpare

148 2073 290 2132 merentis.
329 2073 391 2143 lpsa
406 2076 528 2125 armatus
549 2067 742 2137 intentusque,
763 2063 830 2118 item
849 2064 955 2119 milites

150 2149 278 2224 cogebat:
295 2164 386 2221 neque
396 2162 491 2210 secus,
503 2151 586 2216 atque
597 2139 633 2273 Lei
644 2141 738 2196 hostes
749 2137 888 2214 adessent]
902 2139 955 2196 iter

151 2225 253 2294 facere,
276 2233 365 2282 castra
378 2221 502 2285 munire,
524 2236 595 2274 excu
617 2219 688 2273 itum
698 2217 728 2272 iu
739 2224 816 2288 porto
827 2215 954 2271 cohortes

150 2320 185 2358 ex
197 2300 365 2375 legionibus,
377 2316 427 2372 pro
436 2291 818 2367 castrisequitesuuxiliurios
828 2290 950 2362 mittere3

150 2386 290 2454 praeterea
306 2376 375 2431 elios
391 2391 475 2447 super
489 2370 595 2427 vallum
611 2369 640 2424 in
657 2367 838 2424 munimentis
854 2365 950 2434 locare,

151 2451 264 2530 vigilius
274 2453 335 2523 ipse
347 2450 509 2512 circumire,
526 2463 580 2501 nou
591 2441 647 2502 tam
659 2441 829 2506 diffidentie,
850 2441 952 2508 lutura,

151 2549 223 2604 quus
233 2527 441 2601 imperavisset,
463 2539 547 2596 quam
557 2521 598 2579 uti
611 2518 763 2581 militibus,
783 2528 955 2590 exaequatus

152 2625 215 2662 cum
233 2605 413 2676 imperatore,
444 2598 521 2654 labos
535 2595 694 2651 volentibus
713 2600 796 2647 esset.
835 2593 871 2648 Et
889 2611 955 2650 sane

151 2682 255 2739 llnrius
269 2676 373 2746 illoque
389 2675 510 2744 aliisque
524 2667 696 2742 temporibus
710 2667 870 2738 iugurthiui
886 2668 954 2725 belli

151 2754 257 2828 pudore
277 2749 378 2823 magis,
405 2763 488 2817 <pram
510 2745 596 2806 malo,
622 2740 722 2796 eres*
878 2744 952 2801 ebat:
