2058 3032
262 239 458 287 CATILINA.
480 239 557 287 CAP.
579 241 686 288 27—29.
848 233 880 286 lt

63 339 291 406 multitudinem,
314 357 398 413 quarn
418 337 452 397 ad
473 340 610 414 capiunda
629 359 704 396 arma
720 347 877 413 paraverat3

7 419 8 422 ’
63 419 136 471 item
150 416 219 472 alios
234 419 264 472 in
280 417 333 472 aliu
353 418 411 472 loca
428 425 594 490 opportuna,
620 419 670 490 qui
683 417 796 472 initium
810 415 879 472 belli

61 492 202 561 facerent3
231 510 317 565 seque
332 493 366 548 ad
381 495 532 550 exercitum
551 493 691 567 proficisci
713 509 828 565 cupere,
854 492 879 546 si

59 565 146 641 prius
170 567 331 624 Ciceronem
353 571 550 642 oppressisset:
582 586 646 626 eum
670 570 730 625 suis
754 568 879 624 consiliis

59 642 185 699 multum
195 645 351 700 obficere.“

118 719 244 776 XXVlll.
265 723 352 796 Igitur
371 721 524 794 perterritis
543 737 574 776 ac
592 717 785 776 dubitantibus
805 726 880 774 oete-

58 797 117 861 ris,
131 795 163 852 C.
174 795 333 863 Cornelius,
346 813 431 869 eques
440 797 593 862 Romanus,
607 813 719 870 operam
728 812 807 852 suam
817 794 879 867 pel·
913 863 919 876 ⁴

60 873 172 936 licitus,
189 881 290 928 etcum
302 891 333 928 eo
343 875 375 928 L.
385 874 572 948 Vargunteius
583 872 710 938 Senator,
727 872 878 928 constitue-

58 965 91 1002 re
103 965 136 1002 ea
146 957 224 1003 nocte
234 949 329 1021 paullo
339 957 415 1021 post,
432 967 496 1005 cum
508 949 619 1005 armatis
629 948 805 1013 homiuibus,
822 947 879 1002 sic-

57 1023 103 1078 uti
119 1021 283 1090 salutatum,
304 1025 418 1080 introire
433 1025 469 1080 ad
482 1023 656 1090 Ciceronem,
679 1043 711 1081 ac
725 1025 760 1082 de
773 1025 879 1096 impro-

59 1100 125 1154 viso
146 1097 221 1154 domi
241 1116 307 1156 suae
326 1102 493 1174 imparatum
512 1099 668 1156 confodere.
709 1101 809 1158 Curius
828 1099 877 1154 ubi

59 1174 216 1248 intellegit,
229 1186 363 1250 quantum
373 1178 491 1249 periculi
505 1176 619 1234 Consuli
628 1177 802 1250 impendeat,
813 1193 879 1248 pro-

58 1267 129 1325 pere
148 1269 198 1324 per
217 1253 346 1328 Fulviam
366 1253 492 1309 Ciceroni
511 1253 619 1318 dolum,
649 1255 698 1326 qui
717 1251 889 1326 parabatur,·

59 1328 203 1383 enunciot.
242 1329 282 1385 lta
300 1321 350 1384 illa
369 1329 453 1385 ianua
470 1329 619 1402 prohibiti,
644 1338 749 1386 tautum
768 1329 877 1384 lacinus

58 1403 163 1459 frustra
179 1413 368 1477 susceperant.
408 1406 514 1462 Interea
524 1406 644 1462 ltlanlius
658 1407 687 1461 in
696 1406 806 1461 Etruria
816 1405 877 1477 ple-

58 1481 126 1534 bem
145 1480 309 1546 sollioitare,
343 1489 463 1554 egestate
482 1481 568 1536 simul
590 1497 622 1536 ac
643 1481 736 1537 dolore
756 1482 877 1538 iniuriae

57 1573 196 1611 novarum
211 1573 302 1611 rerum
318 1556 463 1629 cupidam,
484 1557 560 1629 quod
575 1556 670 1612 Sullae
689 1557 876 1613 dominatione

58 1647 142 1706 agros
162 1632 290 1704 bonaque
308 1633 400 1689 omnia
421 1633 563 1700 emiserat3
596 1643 736 1705 praeterea
757 1634 878 1689 latrones·

58 1709 198 1780 cuiusque
209 1710 334 1782 generis,
349 1725 467 1781 quorum
479 1709 507 1762 in
519 1725 550 1762 ea
563 1709 676 1782 regione
686 1725 786 1784 magua
796 1709 876 1781 copia

57 1795 131 1854 erat;
157 1786 305 1842 nonnullos
320 1800 356 1842 ex
369 1783 492 1840 Sullanis
507 1784 632 1850 colonis,
652 1785 757 1857 quibus
777 1784 875 1842 lubido

56 1870 144 1932 atque
158 1859 269 1916 luxuria
284 1877 319 1917 ex
336 1861 445 1934 magnis
463 1861 570 1934 rapinis
587 1861 660 1918 nihil
680 1861 782 1934 reliqui
801 1861 876 1918 iece-

57 1947 131 1993 rant.

115 2010 221 2070 xxix.
242 2013 281 2067 Eu
300 2029 388 2086 quum
408 2013 533 2069 Ciceroni
554 2013 766 2078 nunciarentur,
798 2016 875 2070 anci-

56 2089 111 2162 piti
126 2089 198 2144 malo
212 2097 367 2161 permotus,
391 2087 467 2160 quod
481 2105 571 2162 neque
587 2089 685 2144 urbem
706 2089 740 2144 ab
760 2090 875 2146 insidiis

55 2168 168 2238 privato
184 2165 300 2220 consilio
314 2164 424 2238 longius
439 2166 510 2221 tueri
525 2173 644 2238 poterat,
669 2177 772 2238 neque,
793 2185 874 2224 exer-

57 2244 131 2296 citus
151 2241 248 2296 Manlii
268 2248 389 2311 quantus
409 2249 456 2296 aut
475 2259 531 2312 quo
551 2241 667 2296 consilio
686 2240 769 2308 foret,
804 2245 872 2300 satis

59 2327 230 2390 compertum
240 2316 373 2380 habebat,
391 2335 448 2372 rem
462 2318 496 2373 ad
507 2326 631 2373 senatum
642 2316 739 2386 refert,
756 2319 811 2376 iem
823 2337 873 2376 an-

59 2401 99 2448 tea
110 2392 190 2467 vulgi
201 2392 360 2448 rumoribus
374 2395 551 2466 exagitatam.
590 2395 698 2465 ltaque,
723 2397 796 2467 quod
811 2398 873 2470 ple—

59 2482 177 2542 rumque
196 2469 226 2524 in
246 2470 330 2524 atroci
351 2471 461 2544 negotio
480 2471 562 2533 solet,
599 2469 716 2526 Senatus
737 2471 869 2539 decrevit,

59 2545 156 2601 darent
174 2561 284 2617 operam
304 2546 445 2610 consules,
471 2563 506 2602 ne
525 2545 594 2618 quid
613 2546 770 2620 respublica
785 2548 872 2603 detri-

58 2623 144 2676 menti
159 2631 279 2694 caperet.
318 2621 358 2677 Ea
371 2627 492 2694 potestas
505 2639 555 2694 per
565 2621 711 2689 Senatum,
732 2641 807 2680 more
817 2625 871 2680 llo-

58 2715 153 2762 mano,
178 2697 350 2770 magistratui
368 2712 497 2753 maxuma
511 2699 692 2769 permittitur3
718 2699 870 2756 exercitum

56 2791 168 2847 parare,
189 2771 294 2828 bellum
310 2790 418 2847 gerere,
439 2790 564 2830 coercere
578 2775 708 2830 omnibus
723 2775 812 2832 modis
825 2793 870 2834 so·
