2058 3032
163 223 195 276 36
368 227 396 274 0.
415 225 543 273 CRISPI
561 225 767 274 SALLUSTII

162 329 283 386 micitias
292 343 434 397 exercere3
455 345 502 384 eos
517 345 608 384 mores
620 343 737 399 eamque
747 321 914 380 modestiam
924 321 976 376 viri

162 405 291 480 cognovi.
329 404 432 461 Verum
450 405 586 460 sententia
605 405 666 462 eius
684 402 755 458 mihi
778 416 832 456 non
855 396 976 454 crudelis

163 480 244 556 (quid
258 481 334 537 onim
348 483 378 536 iu
388 480 451 539 talis
461 480 588 537 homines
598 479 710 536 crudele
721 478 781 534 fieri
791 473 910 549 potest‘l)
930 472 977 528 sed

163 557 255 614 aliena
279 575 294 613 a
318 557 462 632 republica
482 565 575 613 nostra
597 556 718 613 videtur.
767 555 838 610 Nam
856 549 979 624 proiecto

163 643 212 690 aut
224 641 314 690 metus
328 643 376 690 aut
392 633 495 689 iniuria
509 641 536 690 te
548 633 674 708 subegit,
699 631 808 693 Silana,
830 625 978 706 Consulem

163 709 355 785 designatum.
391 725 480 784 genus
498 727 603 783 poenae
622 725 725 765 novum
743 708 904 764 decernere.
942 703 979 757 De

165 787 262 843 timore
276 803 513 859 supervacaneum
528 794 570 842 est
584 786 734 849 disserere.
754 799 843 857 quum
853 796 979 854 praeser-

165 864 216 920 tim
226 861 372 938 diligentia
385 862 543 919 clarissumi
553 863 609 919 viri
618 860 746 919 Consulis
756 867 830 916 tanta
840 855 978 930 praesidio

163 940 221 995 sint
235 940 266 994 iu
282 940 376 994 armis.
415 940 453 995 De
468 957 556 1012 poena
568 954 717 1011 possumus
737 935 869 1009 equidem
888 932 978 988 dicere

165 1014 209 1081 id.
230 1014 306 1088 quod
321 1033 365 1072 res
380 1015 476 1072 habet:
497 1017 528 1071 in
542 1015 620 1072 luctu
634 1023 716 1086 atque
730 1011 852 1069 miseriis
865 1017 979 1066 mortem

165 1107 360 1148 aerumnarum
370 1092 510 1165 requiem,
521 1109 577 1148 non
586 1092 739 1148 cruciatum
749 1106 824 1158 esse;
840 1103 903 1144 eam
914 1102 982 1142 cun·

166 1177 209 1224 eta
229 1167 387 1224 mortalium
406 1168 480 1223 mala
497 1167 664 1234 dissolvere;
696 1167 769 1223 ultra
788 1181 879 1238 neque
900 1179 981 1220 curae

166 1259 257 1315 nequo
270 1241 374 1318 gaudio
389 1243 481 1300 locum
494 1261 567 1299 esse.
607 1242 672 1309 Sed,
694 1261 745 1316 per
760 1242 826 1300 deos
839 1243 982 1298 immorta-

167 1319 217 1375 lisl
229 1319 409 1391 quamobrem
419 1321 449 1374 in
459 1319 624 1375 seutentiam
635 1336 690 1374 non
701 1318 845 1384 addidisti,
852 1318 895 1373 uti
904 1317 982 1391 prius

166 1395 331 1452 verberibus
350 1396 380 1450 in
399 1413 446 1452 eos
466 1393 752 1452 animadverteretur?¹
771 1395 828 1461 An,
850 1395 920 1467 quia
940 1394 983 1450 lex

168 1471 262 1527 Porcia
272 1469 363 1528 vetati
382 1481 410 1528 at
424 1471 495 1528 aliae
508 1472 585 1548 leges
594 1473 662 1527 item
672 1471 861 1530 condemnatis
872 1472 983 1529 civibus

167 1565 221 1604 non
231 1547 352 1605 animam
361 1549 446 1623 eripi,
461 1547 511 1605 sed
521 1548 638 1605 exilium
649 1549 772 1623 permitti
781 1548 890 1606 iubent.
931 1548 982 1612 Au,

167 1626 234 1698 quia
243 1626 358 1700 gravius
368 1633 410 1682 est
420 1625 571 1692 verberari,
583 1643 667 1698 quam
677 1624 788 1682 necari?
807 1623 881 1693 Quid
893 1633 984 1680 autem

168 1699 298 1758 acerbum
312 1710 359 1759 aut
372 1702 457 1758 nimis
470 1719 556 1778 grave
570 1704 601 1758 in
619 1702 745 1759 homines
764 1702 832 1758 tanti
854 1699 986 1756 facinoris

168 1777 327 1836 convictos?
349 1777 413 1844 sin,
440 1781 507 1851 quia
526 1777 690 1835 leviusest‘l
712 1777 766 1845 Qui
787 1778 933 1843 convenit,
957 1779 986 1832 in

169 1853 276 1912 minore
290 1872 325 1911 ne
361 1854 400 1910 tio
414 1854 504 1928 legem
519 1855 629 1919 timere,
655 1870 743 1926 quum
760 1869 821 1909 eam
835 1853 865 1908 in
882 1855 987 1909 maiore

168 1870 393 2004 neglexerisioat
402 1930 477 1984 enim
487 1930 552 2001 quis
561 1928 758 2002 reprehendet,
770 1928 845 2002 quod
855 1930 886 1986 in
896 1932 988 2002 parri-

168 2005 247 2062 oidas
256 2004 429 2080 reipublicae
438 2004 580 2061 decretum
591 2003 661 2061 erit?
681 2006 815 2080 Tempus,
835 2004 912 2072 dies,
931 2005 988 2063 ior-

170 2090 251 2148 tuna‚
269 2084 350 2138 euius
361 2081 458 2137 lubido
468 2080 599 2156 gentibus
609 2081 777 2139 moderatur.
816 2081 877 2138 Illis
887 2085 988 2140 merito
1016 2091 1017 2108 ¹

169 2157 285 2226 accidit¹
301 2157 437 2231 quioquid
447 2158 583 2214 evenerit:
601 2167 723 2215 ceterum
734 2176 798 2224 vos,
815 2158 910 2214 Patres
921 2178 989 2217 con·

170 2234 283 2306 scripti,
304 2232 375 2307 quid
384 2235 415 2288 in
425 2234 488 2290 aliis
499 2235 641 2300 statuatis,
662 2234 845 2291 considerate.
886 2235 988 2292 Omnia

170 2310 243 2365 mula
257 2309 385 2382 exempla
400 2328 435 2366 ex
451 2310 531 2368 bonis
545 2319 605 2366 orta
615 2320 693 2368 sunt:
715 2310 765 2367 sed
774 2309 825 2367 ubi
836 2312 989 2383 imperium

172 2384 207 2442 ad
221 2386 332 2460 ignaros
347 2392 394 2441 aut
408 2388 501 2443 minus
519 2386 605 2443 bonos
624 2389 765 2460 pervenit,
790 2404 892 2443 novum
914 2386 990 2445 illud

172 2460 331 2534 exemplum
350 2462 385 2518 ab
405 2462 499 2539 dignis
518 2473 546 2519 et
559 2462 668 2520 idoneis
687 2463 722 2519 ad
741 2461 872 2537 indignos
890 2472 918 2520 et
932 2482 991 2521 non

173 2538 286 2595 idoneos
305 2537 477 2596 transfertur.
517 2539 742 2604 Lacedaemonii,
765 2538 883 2595 devictis
900 2539 993 2598 Athe-

174 2614 327 2678 niensibus,
340 2613 454 2686 triginta
464 2617 539 2673 viros
550 2617 715 2687 imposuere,
724 2617 773 2687 qui
783 2615 992 2688 rempublicam

175 2708 269 2748 eorum
277 2696 432 2746 uastarent.
453 2692 486 2746 ili
496 2692 586 2764 primo
596 2708 680 2751 coepe
682 2707 802 2728 ⁶⁶⁶⁶⁶⁶⁶⁶
807 2708 993 2764 uumquem-

176 2763 620 2842 qaeetomnibusmvisunrtnder
856 2767 992 2844 'apopu-
