2070 3036
187 243 232 296 ttt
328 249 355 296 c.
375 247 430 302 cn,
450 233 656 294 sannusr'n
675 247 831 296 sacrun

183 359 239 417 tes,
268 368 313 406 me
337 347 477 406 hominem
500 365 603 405 novum
626 367 690 405 cum
710 349 825 406 iliorum
844 353 977 426 superbia.

183 426 259 495 Quae
269 427 313 483 illi
324 426 421 482 audire
431 434 458 482 et
468 425 559 499 legere
570 426 673 493 solent,
695 443 791 482 eorum
802 429 903 500 partim
914 431 977 492 vidi.
1015 479 1016 486 ,

184 504 238 560 alia
248 511 357 578 egomet
366 503 454 578 gessi:
476 518 548 574 quae
558 502 602 558 illi
613 502 715 568 literis,
737 520 768 558 ea
779 521 831 578 ego
842 506 980 562 mittendo
1015 535 1016 574 5

184 580 284 636 didici.
322 579 403 635 Nunc
417 596 466 634 vos
481 579 661 646 existumate,
682 577 751 634 iacta
767 597 802 635 an
814 580 887 638 dicta
898 583 980 654 piuris

184 658 250 714 sint.
290 654 474 712 Contemnunt
496 653 646 710 novitatem
669 671 773 721 meam,
804 658 981 714 soiitorum
1015 659 1016 700 ἐ

183 732 339 808 ignaviam3
366 731 437 786 mihi
457 729 580 796 fortuna,
606 730 665 786 illis
684 731 785 805 probra
802 674 982 790 ofiiectantur.
1015 793 1016 800 χ

183 810 356 881 Quamquam
370 825 421 883 ego
437 814 562 862 naturam
577 823 660 862 unam
672 815 699 862 et
709 825 885 864 communem
898 812 984 866 omni-

102 931 105 940 ,
183 903 231 942 um
242 885 393 950 existumo,
415 882 465 938 sed
479 881 669 938 fortissumum
681 900 820 957 quemque
831 889 985 960 genemsis-

184 977 295 1016 sumum
309 977 380 1015 esse.
419 958 459 1015 Ac
473 961 498 1014 si
513 959 569 1014 iam
584 975 619 1013 ex
632 959 758 1030 patribus
768 960 865 1016 Albini
881 971 929 1019 aut
939 964 986 1017 Be·
1015 1015 1016 1030 ,

184 1038 253 1093 stiae
263 1037 361 1109 quaeri
371 1043 477 1108 posset,
495 1052 575 1090 mene
585 1051 619 1089 an
630 1034 695 1090 iilos
705 1052 780 1091 exse
791 1037 871 1112 gigni
882 1038 987 1094 malue-
1015 1037 1016 1108 i

185 1113 254 1178 rint,
275 1111 344 1185 quid
362 1128 543 1183 responsuros
560 1109 688 1176 creditis,
710 1111 780 1178 nisi,
803 1131 866 1168 sese
887 1114 987 1170 liberos
1015 1147 1016 1162 κ

184 1206 267 1262 quam
279 1197 405 1261 optumos
416 1185 557 1242 voluisse?
574 1185 679 1254 Quodsi
691 1187 753 1242 iure
764 1205 808 1243 me
818 1188 986 1262 despiciunt,

185 1265 286 1324 faciant
301 1263 376 1319 idem
391 1263 544 1320 maioribus
554 1263 627 1328 suis,
648 1262 768 1335 quibus,
789 1263 831 1320 uti
846 1266 933 1331 mihi,
955 1285 987 1322 ex

185 1343 287 1398 virtute
297 1339 429 1396 nobilitas
439 1341 540 1412 coepit.
579 1337 708 1394 Invident
718 1338 814 1395 honori
825 1357 901 1412 meo;
924 1361 986 1417 ergo

186 1407 330 1474 invidea'nt
341 1415 443 1481 labori,
459 1415 647 1480 innocentiae,
662 1416 797 1487 periculis
811 1417 894 1473 etiam
906 1422 984 1478 meis,

186 1494 317 1568 quoniam
336 1510 387 1566 per
406 1491 474 1548 haec
493 1491 575 1548 iilum
594 1490 666 1563 cepi.
711 1491 828 1557 Verum,
860 1491 986 1550 homines

187 1570 306 1642 corrupti
317 1567 464 1642 superbia,
485 1568 522 1623 ita
539 1575 654 1623 aetatem
667 1576 766 1640 agunt,
789 1569 870 1640 quasi
882 1580 986 1627 vostros

187 1648 304 1703 honores
319 1653 508 1712 contemnant;
530 1643 568 1699 ita
583 1643 633 1699 hos
648 1652 759 1716 petunt,
781 1646 862 1716 quasi
873 1643 986 1702 honeste

186 1716 319 1781 vixerint.
358 1723 416 1779 Nae
427 1721 471 1778 iili
481 1719 544 1776 falsi
555 1728 633 1785 sunt,
654 1719 704 1791 qui
715 1719 933 1778 divorsissumas
944 1741 985 1778 res

185 1801 289 1874 pariter
303 1806 463 1873 expectant,
483 1795 614 1870 ignaviae
629 1795 798 1867 voluptatem
818 1805 845 1852 et
864 1799 986 1870 praemia

185 1877 309 1932 virtutis.
338 1879 428 1947 Atque
439 1873 536 1937 etiam,
548 1888 635 1943 quum
646 1871 720 1943 apud
731 1888 780 1926 vos
791 1880 838 1928 eut
849 1873 878 1928 in
890 1885 987 1930 senatu

186 1951 271 2008 verba
282 1950 400 2016 faciunt,
417 1950 549 2022 pleraque
565 1947 686 2003 oratione
697 1947 814 2003 maiores
823 1965 889 2004 suos
900 1951 987 2007 extol·
1016 1959 1017 2008 i

186 2027 262 2096 lunt;
284 2043 378 2084 eorum
396 2025 476 2081 sortia
492 2023 561 2080 iacta
582 2023 758 2079 memorando
778 2023 908 2082 cleriores
928 2045 986 2082 sese

185 2112 294 2177 putant.
334 2101 412 2171 Quod
423 2108 515 2156 contra
526 2107 577 2155 est.
614 2101 685 2155 Nam
695 2108 797 2173 quanto
807 2100 863 2156 vita
874 2102 986 2159 iliorum

185 2180 367 2252 praeclarior,
391 2186 465 2234 tanto
484 2175 584 2231 horum
598 2176 724 2232 socordia
743 2173 916 2252 flagitiosior.
956 2180 988 2234 Et

186 2253 308 2326 profecto
326 2255 364 2310 ita
379 2271 409 2310 so
423 2269 467 2309 res
485 2251 582 2308 habet:
607 2253 744 2310 maiorum
762 2253 849 2328 gloria
869 2257 989 2326 posteris

185 2331 267 2404 quasi
279 2331 373 2386 iumen
386 2337 441 2395 est,
462 2344 552 2399 neque
567 2327 639 2384 bona
654 2346 747 2384 eorum
764 2346 854 2402 neque
869 2330 943 2386 male
960 2330 988 2385 in
1016 2347 1017 2378 r

186 2405 294 2463 occulto
312 2407 426 2478 patitur.
475 2403 596 2459 Huiusce
616 2403 656 2460 rei
675 2418 726 2476 ego
745 2402 867 2477 inopiam
887 2408 987 2479 patior,
1016 2389 1017 2418 ¹

185 2481 321 2551 Quirites3
353 2499 464 2546 verum,
494 2479 525 2534 id
543 2479 620 2552 quod
640 2477 725 2534 multo
744 2481 915 2550 praeclarius
936 2493 987 2546 est,

186 2564 303 2616 meamet
314 2555 384 2610 iacta
395 2555 465 2611 mihi
476 2553 569 2610 dicere
579 2556 652 2610 iicet.
691 2551 772 2610 Nunc
783 2556 889 2622 videta,
902 2575 989 2630 quam
1016 2559 1017 2632 q

186 2631 277 2706 iniqui
288 2631 354 2685 sint.
384 2628 463 2696 Quod
474 2647 509 2683 ex
520 2629 609 2684 aliena
620 2627 721 2682 virtute
732 2630 788 2686 sibi
799 2641 945 2707 arrogant,
959 2633 988 2688 id

187 2710 256 2768 mihi
266 2723 300 2763 ex
310 2719 371 2759 mea
381 2719 435 2758 non
446 2702 615 2758 concedunt:
636 2700 755 2768 scilicet,
771 2707 838 2778 qnia
849 2707 989 2784 imagines

187 2806 240 2844 non
255 2781 356 2846 haheo.
375 2785 402 2832 et
415 2777 482 2848 quia
497 2775 566 2829 mii*
710 2777 717 2792 '
732 2779 804 2836 ''²⁴es
819 2791 875 2854 ειη
899 2801 990 2858 quam
