<?xml version="1.0" encoding="UTF-8"?>
<!DOCTYPE html PUBLIC "-//W3C//DTD XHTML 1.0 Transitional//EN"
    "http://www.w3.org/TR/xhtml1/DTD/xhtml1-transitional.dtd">
<html xmlns="http://www.w3.org/1999/xhtml" xml:lang="en" lang="en">
 <head>
  <title>
</title>
<meta http-equiv="Content-Type" content="text/html;charset=utf-8" />
  <meta name='ocr-system' content='tesseract 3.04.00' />
  <meta name='ocr-capabilities' content='ocr_page ocr_carea ocr_par ocr_line ocrx_word'/>
</head>
<body>
  <div class='ocr_page' id='page_1' title='image "./ccrispisallusti00nobbgoog_0085.png"; bbox 0 0 2058 3032; ppageno 0'>
   <div class='ocr_carea' id='block_1_1' title="bbox 161 198 816 252">
    <p class='ocr_par' dir='ltr' id='par_1_1' title="bbox 161 198 816 252">
     <span class='ocr_line' id='line_1_1' title="bbox 161 198 816 252; baseline -0.011 -1"><span class='ocrx_word' id='word_1_1' title='bbox 161 199 194 252; x_wconf 70' lang='lat' dir='ltr'>dd</span> <span class='ocrx_word' id='word_1_2' title='bbox 313 203 339 248; x_wconf 87' lang='lat' dir='ltr'>C.</span> <span class='ocrx_word' id='word_1_3' title='bbox 361 202 416 246; x_wconf 82' lang='lat' dir='ltr'>CR.</span> <span class='ocrx_word' id='word_1_4' title='bbox 437 199 644 246; x_wconf 74' lang='lat' dir='ltr'>SALLUSTH</span> <span class='ocrx_word' id='word_1_5' title='bbox 662 198 816 244; x_wconf 78' lang='lat' dir='ltr'><strong>BELLUM</strong></span> 
     </span>
    </p>
   </div>
   <div class='ocr_carea' id='block_1_2' title="bbox 163 297 1022 2322">
    <p class='ocr_par' dir='ltr' id='par_1_2' title="bbox 163 297 1022 2322">
     <span class='ocr_line' id='line_1_2' title="bbox 220 297 976 366; baseline -0.009 -7"><span class='ocrx_word' id='word_1_6' title='bbox 220 303 297 359; x_wconf 84' lang='lat' dir='ltr'><strong>XIX.</strong></span> <span class='ocrx_word' id='word_1_7' title='bbox 318 303 415 360; x_wconf 79' lang='lat' dir='ltr'>Postea</span> <span class='ocrx_word' id='word_1_8' title='bbox 429 300 595 366; x_wconf 88' lang='lat' dir='ltr'>Phoenices,</span> <span class='ocrx_word' id='word_1_9' title='bbox 617 299 666 356; x_wconf 89' lang='lat' dir='ltr'>alii</span> <span class='ocrx_word' id='word_1_10' title='bbox 686 298 878 355; x_wconf 88' lang='lat' dir='ltr'>multitudinis</span> <span class='ocrx_word' id='word_1_11' title='bbox 898 297 976 354; x_wconf 87' lang='lat' dir='ltr'>dorni</span> 
     </span>
     <span class='ocr_line' id='line_1_3' title="bbox 165 374 978 452; baseline -0.005 -18"><span class='ocrx_word' id='word_1_12' title='bbox 165 378 332 436; x_wconf 84' lang='lat' dir='ltr'>minuendae</span> <span class='ocrx_word' id='word_1_13' title='bbox 348 378 450 452; x_wconf 79' lang='lat' dir='ltr'>gratia,</span> <span class='ocrx_word' id='word_1_14' title='bbox 470 393 534 448; x_wconf 86' lang='lat' dir='ltr'>pars</span> <span class='ocrx_word' id='word_1_15' title='bbox 548 377 659 449; x_wconf 88' lang='lat' dir='ltr'>imperii</span> <span class='ocrx_word' id='word_1_16' title='bbox 670 374 818 447; x_wconf 85' lang='lat' dir='ltr'>cupidine,</span> <span class='ocrx_word' id='word_1_17' title='bbox 838 374 978 430; x_wconf 85' lang='lat' dir='ltr'>sollicita-</span> 
     </span>
     <span class='ocr_line' id='line_1_4' title="bbox 164 451 976 526; baseline -0.007 -16"><span class='ocrx_word' id='word_1_18' title='bbox 164 465 192 510; x_wconf 86' lang='lat' dir='ltr'>ta</span> <span class='ocrx_word' id='word_1_19' title='bbox 206 451 289 526; x_wconf 84' lang='lat' dir='ltr'>plebe</span> <span class='ocrx_word' id='word_1_20' title='bbox 303 462 329 509; x_wconf 89' lang='lat' dir='ltr'>et</span> <span class='ocrx_word' id='word_1_21' title='bbox 343 453 408 510; x_wconf 85' lang='lat' dir='ltr'>aliis</span> <span class='ocrx_word' id='word_1_22' title='bbox 422 469 556 508; x_wconf 86' lang='lat' dir='ltr'>novarum</span> <span class='ocrx_word' id='word_1_23' title='bbox 571 469 664 510; x_wconf 87' lang='lat' dir='ltr'>rerum</span> <span class='ocrx_word' id='word_1_24' title='bbox 678 451 784 516; x_wconf 77' lang='lat' dir='ltr'>avidis,</span> <span class='ocrx_word' id='word_1_25' title='bbox 805 452 976 523; x_wconf 84' lang='lat' dir='ltr'>Hipponem.</span> 
     </span>
     <span class='ocr_line' id='line_1_5' title="bbox 163 526 977 602; baseline -0.009 -16"><span class='ocrx_word' id='word_1_26' title='bbox 163 527 373 594; x_wconf 85' lang='lat' dir='ltr'>Hadrumetum,</span> <span class='ocrx_word' id='word_1_27' title='bbox 384 528 494 602; x_wconf 85' lang='lat' dir='ltr'><strong>Leptim</strong></span> <span class='ocrx_word' id='word_1_28' title='bbox 504 528 630 600; x_wconf 89' lang='lat' dir='ltr'>aliasque</span> <span class='ocrx_word' id='word_1_29' title='bbox 639 527 724 582; x_wconf 87' lang='lat' dir='ltr'>urbes</span> <span class='ocrx_word' id='word_1_30' title='bbox 734 528 764 582; x_wconf 91' lang='lat' dir='ltr'>in</span> <span class='ocrx_word' id='word_1_31' title='bbox 774 544 823 583; x_wconf 84' lang='lat' dir='ltr'>ora</span> <span class='ocrx_word' id='word_1_32' title='bbox 834 526 977 582; x_wconf 90' lang='lat' dir='ltr'>maritima</span> 
     </span>
     <span class='ocr_line' id='line_1_6' title="bbox 163 601 978 677; baseline -0.006 -16"><span class='ocrx_word' id='word_1_33' title='bbox 163 604 326 662; x_wconf 81' lang='lat' dir='ltr'>condidere:</span> <span class='ocrx_word' id='word_1_34' title='bbox 340 605 458 677; x_wconf 84' lang='lat' dir='ltr'>haeque,</span> <span class='ocrx_word' id='word_1_35' title='bbox 474 604 555 660; x_wconf 86' lang='lat' dir='ltr'>brevi</span> <span class='ocrx_word' id='word_1_36' title='bbox 565 603 684 660; x_wconf 88' lang='lat' dir='ltr'>multum</span> <span class='ocrx_word' id='word_1_37' title='bbox 694 611 800 668; x_wconf 88' lang='lat' dir='ltr'>auctae,</span> <span class='ocrx_word' id='word_1_38' title='bbox 811 620 878 676; x_wconf 85' lang='lat' dir='ltr'>pars</span> <span class='ocrx_word' id='word_1_39' title='bbox 888 601 978 675; x_wconf 79' lang='lat' dir='ltr'>origi-</span> 
     </span>
     <span class='ocr_line' id='line_1_7' title="bbox 164 677 977 753; baseline -0.004 -17"><span class='ocrx_word' id='word_1_40' title='bbox 164 680 248 738; x_wconf 84' lang='lat' dir='ltr'>nibus</span> <span class='ocrx_word' id='word_1_41' title='bbox 262 681 323 736; x_wconf 86' lang='lat' dir='ltr'>suis</span> <span class='ocrx_word' id='word_1_42' title='bbox 336 679 492 753; x_wconf 88' lang='lat' dir='ltr'>praesidio,</span> <span class='ocrx_word' id='word_1_43' title='bbox 516 679 588 735; x_wconf 88' lang='lat' dir='ltr'>aliae</span> <span class='ocrx_word' id='word_1_44' title='bbox 608 678 701 736; x_wconf 85' lang='lat' dir='ltr'>decori</span> <span class='ocrx_word' id='word_1_45' title='bbox 721 677 808 734; x_wconf 85' lang='lat' dir='ltr'>fuere.</span> <span class='ocrx_word' id='word_1_46' title='bbox 849 680 922 734; x_wconf 87' lang='lat' dir='ltr'>Nam</span> <span class='ocrx_word' id='word_1_47' title='bbox 941 677 977 732; x_wconf 88' lang='lat' dir='ltr'>de</span> 
     </span>
     <span class='ocr_line' id='line_1_8' title="bbox 164 753 975 830; baseline -0.006 -17"><span class='ocrx_word' id='word_1_48' title='bbox 164 755 330 830; x_wconf 79' lang='lat' dir='ltr'>Carthagine</span> <span class='ocrx_word' id='word_1_49' title='bbox 345 756 428 812; x_wconf 86' lang='lat' dir='ltr'>silere</span> <span class='ocrx_word' id='word_1_50' title='bbox 442 755 545 812; x_wconf 88' lang='lat' dir='ltr'>melius</span> <span class='ocrx_word' id='word_1_51' title='bbox 557 763 638 827; x_wconf 84' lang='lat' dir='ltr'>puto,</span> <span class='ocrx_word' id='word_1_52' title='bbox 658 771 743 827; x_wconf 89' lang='lat' dir='ltr'>quam</span> <span class='ocrx_word' id='word_1_53' title='bbox 752 772 853 827; x_wconf 85' lang='lat' dir='ltr'>parum</span> <span class='ocrx_word' id='word_1_54' title='bbox 864 753 975 810; x_wconf 85' lang='lat' dir='ltr'>dicere:</span> 
     </span>
     <span class='ocr_line' id='line_1_9' title="bbox 163 830 977 906; baseline -0.006 -17"><span class='ocrx_word' id='word_1_55' title='bbox 163 833 296 906; x_wconf 89' lang='lat' dir='ltr'>quoniam</span> <span class='ocrx_word' id='word_1_56' title='bbox 315 831 370 888; x_wconf 81' lang='lat' dir='ltr'>siio</span> <span class='ocrx_word' id='word_1_57' title='bbox 388 848 536 904; x_wconf 86' lang='lat' dir='ltr'>properare</span> <span class='ocrx_word' id='word_1_58' title='bbox 556 840 666 904; x_wconf 88' lang='lat' dir='ltr'>tempus</span> <span class='ocrx_word' id='word_1_59' title='bbox 684 840 786 886; x_wconf 88' lang='lat' dir='ltr'>monet.</span> <span class='ocrx_word' id='word_1_60' title='bbox 831 831 922 904; x_wconf 82' lang='lat' dir='ltr'>Igitur</span> <span class='ocrx_word' id='word_1_61' title='bbox 941 830 977 884; x_wconf 87' lang='lat' dir='ltr'>ad</span> 
     </span>
     <span class='ocr_line' id='line_1_10' title="bbox 165 904 974 981; baseline -0.001 -18"><span class='ocrx_word' id='word_1_62' title='bbox 165 907 377 973; x_wconf 82' lang='lat' dir='ltr'>Catabathmon,</span> <span class='ocrx_word' id='word_1_63' title='bbox 394 907 444 978; x_wconf 91' lang='lat' dir='ltr'>qui</span> <span class='ocrx_word' id='word_1_64' title='bbox 455 906 533 962; x_wconf 89' lang='lat' dir='ltr'>locus</span> <span class='ocrx_word' id='word_1_65' title='bbox 542 906 699 981; x_wconf 77' lang='lat' dir='ltr'>Aegyptum</span> <span class='ocrx_word' id='word_1_66' title='bbox 710 904 745 962; x_wconf 89' lang='lat' dir='ltr'>ab</span> <span class='ocrx_word' id='word_1_67' title='bbox 755 904 849 962; x_wconf 74' lang='lat' dir='ltr'>Africa</span> <span class='ocrx_word' id='word_1_68' title='bbox 860 905 974 970; x_wconf 86' lang='lat' dir='ltr'>dividit.</span> 
     </span>
     <span class='ocr_line' id='line_1_11' title="bbox 164 981 974 1057; baseline -0.002 -19"><span class='ocrx_word' id='word_1_69' title='bbox 164 983 287 1040; x_wconf 88' lang='lat' dir='ltr'>secundo</span> <span class='ocrx_word' id='word_1_70' title='bbox 301 983 372 1038; x_wconf 84' lang='lat' dir='ltr'>mari</span> <span class='ocrx_word' id='word_1_71' title='bbox 389 982 479 1055; x_wconf 85' lang='lat' dir='ltr'>prima</span> <span class='ocrx_word' id='word_1_72' title='bbox 494 981 599 1057; x_wconf 82' lang='lat' dir='ltr'>Cyrene</span> <span class='ocrx_word' id='word_1_73' title='bbox 614 991 670 1046; x_wconf 83' lang='lat' dir='ltr'>est,</span> <span class='ocrx_word' id='word_1_74' title='bbox 696 981 803 1038; x_wconf 82' lang='lat' dir='ltr'>colonia</span> <span class='ocrx_word' id='word_1_75' title='bbox 821 982 974 1046; x_wconf 69' lang='lat' dir='ltr'>Thermon,</span> 
     </span>
     <span class='ocr_line' id='line_1_12' title="bbox 165 1057 977 1132; baseline -0.001 -18"><span class='ocrx_word' id='word_1_76' title='bbox 165 1075 197 1114; x_wconf 89' lang='lat' dir='ltr'>ao</span> <span class='ocrx_word' id='word_1_77' title='bbox 207 1057 340 1130; x_wconf 80' lang='lat' dir='ltr'>deinceps</span> <span class='ocrx_word' id='word_1_78' title='bbox 351 1057 422 1115; x_wconf 90' lang='lat' dir='ltr'>duae</span> <span class='ocrx_word' id='word_1_79' title='bbox 432 1057 541 1132; x_wconf 81' lang='lat' dir='ltr'>Syrtes,</span> <span class='ocrx_word' id='word_1_80' title='bbox 553 1059 682 1130; x_wconf 85' lang='lat' dir='ltr'>interque</span> <span class='ocrx_word' id='word_1_81' title='bbox 690 1075 737 1114; x_wconf 88' lang='lat' dir='ltr'>eas</span> <span class='ocrx_word' id='word_1_82' title='bbox 747 1058 856 1131; x_wconf 83' lang='lat' dir='ltr'>Leptis:</span> <span class='ocrx_word' id='word_1_83' title='bbox 873 1057 977 1114; x_wconf 87' lang='lat' dir='ltr'>deiude</span> 
     </span>
     <span class='ocr_line' id='line_1_13' title="bbox 165 1132 979 1208; baseline 0 -18"><span class='ocrx_word' id='word_1_84' title='bbox 165 1151 229 1190; x_wconf 87' lang='lat' dir='ltr'>arae</span> <span class='ocrx_word' id='word_1_85' title='bbox 239 1133 403 1198; x_wconf 81' lang='lat' dir='ltr'>Philaenon.</span> <span class='ocrx_word' id='word_1_86' title='bbox 421 1151 505 1204; x_wconf 86' lang='lat' dir='ltr'>quem</span> <span class='ocrx_word' id='word_1_87' title='bbox 517 1134 607 1189; x_wconf 84' lang='lat' dir='ltr'>locum</span> <span class='ocrx_word' id='word_1_88' title='bbox 616 1132 774 1208; x_wconf 78' lang='lat' dir='ltr'>Aegyptum</span> <span class='ocrx_word' id='word_1_89' title='bbox 783 1151 884 1190; x_wconf 85' lang='lat' dir='ltr'>versus</span> <span class='ocrx_word' id='word_1_90' title='bbox 893 1133 979 1190; x_wconf 84' lang='lat' dir='ltr'>finam</span> 
     </span>
     <span class='ocr_line' id='line_1_14' title="bbox 167 1208 979 1283; baseline 0 -17"><span class='ocrx_word' id='word_1_91' title='bbox 167 1208 288 1267; x_wconf 78' lang='lat' dir='ltr'>habuere</span> <span class='ocrx_word' id='word_1_92' title='bbox 299 1209 411 1282; x_wconf 84' lang='lat' dir='ltr'>imperii</span> <span class='ocrx_word' id='word_1_93' title='bbox 421 1209 677 1283; x_wconf 76' lang='lat' dir='ltr'>Carthaginienses:</span> <span class='ocrx_word' id='word_1_94' title='bbox 699 1218 761 1282; x_wconf 86' lang='lat' dir='ltr'>post</span> <span class='ocrx_word' id='word_1_95' title='bbox 775 1208 845 1264; x_wconf 85' lang='lat' dir='ltr'>aliae</span> <span class='ocrx_word' id='word_1_96' title='bbox 854 1210 979 1266; x_wconf 82' lang='lat' dir='ltr'>Punicae</span> 
     </span>
     <span class='ocr_line' id='line_1_15' title="bbox 166 1285 979 1358; baseline -0.002 -16"><span class='ocrx_word' id='word_1_97' title='bbox 166 1285 260 1342; x_wconf 89' lang='lat' dir='ltr'>urbes.</span> <span class='ocrx_word' id='word_1_98' title='bbox 300 1285 396 1340; x_wconf 82' lang='lat' dir='ltr'>Cetera</span> <span class='ocrx_word' id='word_1_99' title='bbox 411 1285 469 1342; x_wconf 85' lang='lat' dir='ltr'>loce</span> <span class='ocrx_word' id='word_1_100' title='bbox 485 1301 574 1358; x_wconf 90' lang='lat' dir='ltr'>usque</span> <span class='ocrx_word' id='word_1_101' title='bbox 588 1285 624 1342; x_wconf 88' lang='lat' dir='ltr'>ad</span> <span class='ocrx_word' id='word_1_102' title='bbox 634 1285 827 1342; x_wconf 82' lang='lat' dir='ltr'>Mauritaniam</span> <span class='ocrx_word' id='word_1_103' title='bbox 839 1285 979 1342; x_wconf 88' lang='lat' dir='ltr'>Numidae</span> 
     </span>
     <span class='ocr_line' id='line_1_16' title="bbox 167 1361 980 1434; baseline 0 -16"><span class='ocrx_word' id='word_1_104' title='bbox 167 1369 274 1418; x_wconf 88' lang='lat' dir='ltr'>tenent:</span> <span class='ocrx_word' id='word_1_105' title='bbox 301 1378 436 1432; x_wconf 82' lang='lat' dir='ltr'>proxume</span> <span class='ocrx_word' id='word_1_106' title='bbox 445 1362 607 1434; x_wconf 82' lang='lat' dir='ltr'>Hispaniam</span> <span class='ocrx_word' id='word_1_107' title='bbox 617 1361 706 1418; x_wconf 82' lang='lat' dir='ltr'>Mauri</span> <span class='ocrx_word' id='word_1_108' title='bbox 719 1369 798 1417; x_wconf 86' lang='lat' dir='ltr'>sunt:</span> <span class='ocrx_word' id='word_1_109' title='bbox 821 1363 980 1434; x_wconf 89' lang='lat' dir='ltr'>superNu-</span> 
     </span>
     <span class='ocr_line' id='line_1_17' title="bbox 168 1435 979 1511; baseline 0 -17"><span class='ocrx_word' id='word_1_110' title='bbox 168 1435 284 1494; x_wconf 91' lang='lat' dir='ltr'>midiam</span> <span class='ocrx_word' id='word_1_111' title='bbox 294 1436 426 1494; x_wconf 86' lang='lat' dir='ltr'>Gaetulos</span> <span class='ocrx_word' id='word_1_112' title='bbox 436 1439 595 1510; x_wconf 87' lang='lat' dir='ltr'>accepimus</span> <span class='ocrx_word' id='word_1_113' title='bbox 604 1437 706 1510; x_wconf 86' lang='lat' dir='ltr'>partim</span> <span class='ocrx_word' id='word_1_114' title='bbox 717 1437 746 1492; x_wconf 92' lang='lat' dir='ltr'>in</span> <span class='ocrx_word' id='word_1_115' title='bbox 756 1437 891 1511; x_wconf 75' lang='lat' dir='ltr'>tuguriis,</span> <span class='ocrx_word' id='word_1_116' title='bbox 907 1437 979 1494; x_wconf 85' lang='lat' dir='ltr'>alios</span> 
     </span>
     <span class='ocr_line' id='line_1_18' title="bbox 166 1512 978 1587; baseline -0.002 -17"><span class='ocrx_word' id='word_1_117' title='bbox 166 1513 301 1572; x_wconf 85' lang='lat' dir='ltr'>incultius</span> <span class='ocrx_word' id='word_1_118' title='bbox 312 1530 396 1586; x_wconf 81' lang='lat' dir='ltr'>vagos</span> <span class='ocrx_word' id='word_1_119' title='bbox 407 1514 525 1587; x_wconf 77' lang='lat' dir='ltr'>agitare:</span> <span class='ocrx_word' id='word_1_120' title='bbox 538 1521 600 1586; x_wconf 84' lang='lat' dir='ltr'>post</span> <span class='ocrx_word' id='word_1_121' title='bbox 610 1512 811 1586; x_wconf 76' lang='lat' dir='ltr'>eosdethiopas</span> <span class='ocrx_word' id='word_1_122' title='bbox 821 1530 897 1570; x_wconf 88' lang='lat' dir='ltr'>esse:</span> <span class='ocrx_word' id='word_1_123' title='bbox 910 1513 978 1570; x_wconf 92' lang='lat' dir='ltr'>dein</span> 
     </span>
     <span class='ocr_line' id='line_1_19' title="bbox 168 1589 979 1664; baseline -0.001 -19"><span class='ocrx_word' id='word_1_124' title='bbox 168 1589 228 1646; x_wconf 83' lang='lat' dir='ltr'>loca</span> <span class='ocrx_word' id='word_1_125' title='bbox 242 1596 340 1645; x_wconf 85' lang='lat' dir='ltr'>exusta</span> <span class='ocrx_word' id='word_1_126' title='bbox 354 1589 422 1646; x_wconf 90' lang='lat' dir='ltr'>solis</span> <span class='ocrx_word' id='word_1_127' title='bbox 435 1589 592 1646; x_wconf 87' lang='lat' dir='ltr'>ardoribus.</span> <span class='ocrx_word' id='word_1_128' title='bbox 630 1590 718 1664; x_wconf 84' lang='lat' dir='ltr'>Igitur</span> <span class='ocrx_word' id='word_1_129' title='bbox 728 1589 802 1646; x_wconf 88' lang='lat' dir='ltr'>bello</span> <span class='ocrx_word' id='word_1_130' title='bbox 812 1589 979 1663; x_wconf 79' lang='lat' dir='ltr'>iugurthino</span> 
     </span>
     <span class='ocr_line' id='line_1_20' title="bbox 167 1664 977 1740; baseline 0.001 -19"><span class='ocrx_word' id='word_1_131' title='bbox 167 1664 301 1738; x_wconf 86' lang='lat' dir='ltr'>pleraque</span> <span class='ocrx_word' id='word_1_132' title='bbox 311 1665 465 1722; x_wconf 86' lang='lat' dir='ltr'>exPuniois</span> <span class='ocrx_word' id='word_1_133' title='bbox 474 1665 977 1740; x_wconf 75' lang='lat' dir='ltr'>oppidaetfineaCarthaginiensium</span> 
     </span>
     <span class='ocr_line' id='line_1_21' title="bbox 168 1741 980 1815; baseline 0.002 -19"><span class='ocrx_word' id='word_1_134' title='bbox 168 1757 239 1814; x_wconf 86' lang='lat' dir='ltr'>quos</span> <span class='ocrx_word' id='word_1_135' title='bbox 258 1742 419 1798; x_wconf 82' lang='lat' dir='ltr'>novissume</span> <span class='ocrx_word' id='word_1_136' title='bbox 437 1741 603 1808; x_wconf 84' lang='lat' dir='ltr'>habuerant,</span> <span class='ocrx_word' id='word_1_137' title='bbox 630 1743 751 1814; x_wconf 82' lang='lat' dir='ltr'>populus</span> <span class='ocrx_word' id='word_1_138' title='bbox 769 1743 907 1798; x_wconf 80' lang='lat' dir='ltr'>Romanus</span> <span class='ocrx_word' id='word_1_139' title='bbox 928 1759 980 1815; x_wconf 82' lang='lat' dir='ltr'>per</span> 
     </span>
     <span class='ocr_line' id='line_1_22' title="bbox 169 1816 980 1892; baseline 0.005 -22"><span class='ocrx_word' id='word_1_140' title='bbox 169 1816 347 1890; x_wconf 78' lang='lat' dir='ltr'>magistratus</span> <span class='ocrx_word' id='word_1_141' title='bbox 361 1816 584 1874; x_wconf 87' lang='lat' dir='ltr'>administrabat:</span> <span class='ocrx_word' id='word_1_142' title='bbox 604 1817 783 1873; x_wconf 84' lang='lat' dir='ltr'>Gaetulorum</span> <span class='ocrx_word' id='word_1_143' title='bbox 798 1833 898 1892; x_wconf 82' lang='lat' dir='ltr'>magna</span> <span class='ocrx_word' id='word_1_144' title='bbox 912 1835 980 1892; x_wconf 86' lang='lat' dir='ltr'>pars</span> 
     </span>
     <span class='ocr_line' id='line_1_23' title="bbox 168 1890 979 1968; baseline 0.005 -22"><span class='ocrx_word' id='word_1_145' title='bbox 168 1898 195 1946; x_wconf 85' lang='lat' dir='ltr'>et</span> <span class='ocrx_word' id='word_1_146' title='bbox 205 1891 343 1947; x_wconf 85' lang='lat' dir='ltr'>Numidae</span> <span class='ocrx_word' id='word_1_147' title='bbox 354 1909 442 1964; x_wconf 87' lang='lat' dir='ltr'>usque</span> <span class='ocrx_word' id='word_1_148' title='bbox 451 1892 487 1948; x_wconf 90' lang='lat' dir='ltr'>ad</span> <span class='ocrx_word' id='word_1_149' title='bbox 498 1891 600 1948; x_wconf 82' lang='lat' dir='ltr'>flumen</span> <span class='ocrx_word' id='word_1_150' title='bbox 610 1890 771 1948; x_wconf 83' lang='lat' dir='ltr'>Mulucham</span> <span class='ocrx_word' id='word_1_151' title='bbox 781 1892 834 1948; x_wconf 91' lang='lat' dir='ltr'>sub</span> <span class='ocrx_word' id='word_1_152' title='bbox 844 1894 979 1968; x_wconf 77' lang='lat' dir='ltr'>iugurtha</span> 
     </span>
     <span class='ocr_line' id='line_1_24' title="bbox 169 1966 1022 2041; baseline 0 -19"><span class='ocrx_word' id='word_1_153' title='bbox 169 1974 259 2022; x_wconf 81' lang='lat' dir='ltr'>erant:</span> <span class='ocrx_word' id='word_1_154' title='bbox 291 1967 394 2024; x_wconf 85' lang='lat' dir='ltr'>Neuris</span> <span class='ocrx_word' id='word_1_155' title='bbox 418 1967 550 2023; x_wconf 87' lang='lat' dir='ltr'>omnibus</span> <span class='ocrx_word' id='word_1_156' title='bbox 574 1984 617 2022; x_wconf 89' lang='lat' dir='ltr'>res</span> <span class='ocrx_word' id='word_1_157' title='bbox 640 1966 765 2022; x_wconf 83' lang='lat' dir='ltr'>Bocchus</span> <span class='ocrx_word' id='word_1_158' title='bbox 788 1968 977 2041; x_wconf 80' lang='lat' dir='ltr'>imperitabat,</span> <span class='ocrx_word' id='word_1_159' title='bbox 1021 1999 1022 2022; x_wconf 59' lang='lat' dir='ltr'>r</span> 
     </span>
     <span class='ocr_line' id='line_1_25' title="bbox 168 2043 980 2115; baseline 0.007 -19"><span class='ocrx_word' id='word_1_160' title='bbox 168 2049 277 2112; x_wconf 86' lang='lat' dir='ltr'>praeter</span> <span class='ocrx_word' id='word_1_161' title='bbox 287 2057 401 2106; x_wconf 87' lang='lat' dir='ltr'>nomen,</span> <span class='ocrx_word' id='word_1_162' title='bbox 413 2050 503 2097; x_wconf 89' lang='lat' dir='ltr'>cetera</span> <span class='ocrx_word' id='word_1_163' title='bbox 512 2043 627 2115; x_wconf 79' lang='lat' dir='ltr'>ignarus</span> <span class='ocrx_word' id='word_1_164' title='bbox 639 2044 737 2114; x_wconf 86' lang='lat' dir='ltr'>popuii</span> <span class='ocrx_word' id='word_1_165' title='bbox 748 2043 877 2112; x_wconf 82' lang='lat' dir='ltr'>Romani;</span> <span class='ocrx_word' id='word_1_166' title='bbox 895 2046 980 2102; x_wconf 85' lang='lat' dir='ltr'>item-</span> 
     </span>
     <span class='ocr_line' id='line_1_26' title="bbox 169 2116 978 2194; baseline 0.006 -23"><span class='ocrx_word' id='word_1_167' title='bbox 169 2131 224 2186; x_wconf 85' lang='lat' dir='ltr'>que</span> <span class='ocrx_word' id='word_1_168' title='bbox 243 2116 325 2173; x_wconf 87' lang='lat' dir='ltr'>nobis</span> <span class='ocrx_word' id='word_1_169' title='bbox 345 2133 435 2190; x_wconf 87' lang='lat' dir='ltr'>neque</span> <span class='ocrx_word' id='word_1_170' title='bbox 450 2116 524 2173; x_wconf 86' lang='lat' dir='ltr'>bello</span> <span class='ocrx_word' id='word_1_171' title='bbox 539 2134 631 2190; x_wconf 88' lang='lat' dir='ltr'>neque</span> <span class='ocrx_word' id='word_1_172' title='bbox 649 2135 719 2191; x_wconf 86' lang='lat' dir='ltr'>pace</span> <span class='ocrx_word' id='word_1_173' title='bbox 738 2127 818 2176; x_wconf 85' lang='lat' dir='ltr'>antea</span> <span class='ocrx_word' id='word_1_174' title='bbox 837 2121 978 2194; x_wconf 76' lang='lat' dir='ltr'>cognitus.</span> 
     </span>
     <span class='ocr_line' id='line_1_27' title="bbox 169 2189 1021 2318; baseline 0.007 -73"><span class='ocrx_word' id='word_1_175' title='bbox 169 2189 311 2318; x_wconf 47' lang='lat' dir='ltr'>&amp;editior</span> <span class='ocrx_word' id='word_1_176' title='bbox 324 2199 352 2248; x_wconf 86' lang='lat' dir='ltr'>et</span> <span class='ocrx_word' id='word_1_177' title='bbox 366 2193 427 2250; x_wconf 85' lang='lat' dir='ltr'>eius</span> <span class='ocrx_word' id='word_1_178' title='bbox 440 2192 540 2249; x_wconf 87' lang='lat' dir='ltr'>incolis</span> <span class='ocrx_word' id='word_1_179' title='bbox 555 2193 590 2252; x_wconf 89' lang='lat' dir='ltr'>ad</span> <span class='ocrx_word' id='word_1_180' title='bbox 604 2193 841 2254; x_wconf 81' lang='lat' dir='ltr'>necessitudinem</span> <span class='ocrx_word' id='word_1_181' title='bbox 855 2196 897 2252; x_wconf 87' lang='lat' dir='ltr'>rei</span> <span class='ocrx_word' id='word_1_182' title='bbox 909 2197 979 2254; x_wconf 88' lang='lat' dir='ltr'>satis</span> <span class='ocrx_word' id='word_1_183' title='bbox 1020 2207 1021 2266; x_wconf 54' lang='lat' dir='ltr'><strong><em>g</em></strong></span> 
     </span>
     <span class='ocr_line' id='line_1_28' title="bbox 189 2272 1021 2322; baseline 0.002 -2"><span class='ocrx_word' id='word_1_184' title='bbox 189 2272 287 2322; x_wconf 81' lang='lat' dir='ltr'>totum.</span> <span class='ocrx_word' id='word_1_185' title='bbox 1020 2277 1021 2285; x_wconf 58' lang='lat'>¹</span> 
     </span>
    </p>
   </div>
   <div class='ocr_carea' id='block_1_3' title="bbox 224 2339 979 2419">
    <p class='ocr_par' dir='ltr' id='par_1_3' title="bbox 224 2339 979 2419">
     <span class='ocr_line' id='line_1_29' title="bbox 224 2339 979 2419; baseline 0.008 -21"><span class='ocrx_word' id='word_1_186' title='bbox 224 2339 290 2398; x_wconf 89' lang='lat' dir='ltr'>XX.</span> <span class='ocrx_word' id='word_1_187' title='bbox 310 2343 472 2414; x_wconf 85' lang='lat' dir='ltr'>Postquam,</span> <span class='ocrx_word' id='word_1_188' title='bbox 493 2340 585 2400; x_wconf 85' lang='lat' dir='ltr'>diviso</span> <span class='ocrx_word' id='word_1_189' title='bbox 600 2361 699 2419; x_wconf 77' lang='lat' dir='ltr'>regno,</span> <span class='ocrx_word' id='word_1_190' title='bbox 721 2344 805 2418; x_wconf 81' lang='lat' dir='ltr'>legati</span> <span class='ocrx_word' id='word_1_191' title='bbox 821 2345 912 2402; x_wconf 76' lang='lat' dir='ltr'>Africa</span> <span class='ocrx_word' id='word_1_192' title='bbox 928 2346 979 2404; x_wconf 86' lang='lat' dir='ltr'>da·</span> 
     </span>
    </p>
   </div>
   <div class='ocr_carea' id='block_1_4' title="bbox 169 2417 1020 2795">
    <p class='ocr_par' dir='ltr' id='par_1_4' title="bbox 169 2417 1020 2642">
     <span class='ocr_line' id='line_1_30' title="bbox 169 2417 1020 2494; baseline 0.008 -22"><span class='ocrx_word' id='word_1_193' title='bbox 169 2430 292 2481; x_wconf 78' lang='lat' dir='ltr'>cessere,</span> <span class='ocrx_word' id='word_1_194' title='bbox 314 2425 341 2473; x_wconf 86' lang='lat' dir='ltr'>et</span> <span class='ocrx_word' id='word_1_195' title='bbox 355 2417 486 2492; x_wconf 77' lang='lat' dir='ltr'>iugurtha</span> <span class='ocrx_word' id='word_1_196' title='bbox 504 2427 597 2475; x_wconf 88' lang='lat' dir='ltr'>contra</span> <span class='ocrx_word' id='word_1_197' title='bbox 613 2422 739 2477; x_wconf 90' lang='lat' dir='ltr'>timorem</span> <span class='ocrx_word' id='word_1_198' title='bbox 754 2421 839 2476; x_wconf 78' lang='lat' dir='ltr'>enimi</span> <span class='ocrx_word' id='word_1_199' title='bbox 854 2425 979 2494; x_wconf 86' lang='lat' dir='ltr'>praemia</span> <span class='ocrx_word' id='word_1_200' title='bbox 1019 2423 1020 2460; x_wconf 46' lang='grc' dir='ltr'>ἰ</span> 
     </span>
     <span class='ocr_line' id='line_1_31' title="bbox 170 2465 1020 2569; baseline 0.009 -23"><span class='ocrx_word' id='word_1_201' title='bbox 170 2491 284 2548; x_wconf 89' lang='lat' dir='ltr'>sceleris</span> <span class='ocrx_word' id='word_1_202' title='bbox 294 2492 425 2566; x_wconf 84' lang='lat' dir='ltr'>adeptum</span> <span class='ocrx_word' id='word_1_203' title='bbox 436 2511 496 2552; x_wconf 83' lang='lat' dir='ltr'>sese</span> <span class='ocrx_word' id='word_1_204' title='bbox 508 2494 599 2562; x_wconf 78' lang='lat' dir='ltr'>ridet3</span> <span class='ocrx_word' id='word_1_205' title='bbox 622 2504 728 2552; x_wconf 85' lang='lat' dir='ltr'>certum</span> <span class='ocrx_word' id='word_1_206' title='bbox 743 2504 832 2562; x_wconf 80' lang='lat' dir='ltr'>retus,</span> <span class='ocrx_word' id='word_1_207' title='bbox 854 2495 930 2569; x_wconf 93' lang='lat' dir='ltr'>quod</span> <span class='ocrx_word' id='word_1_208' title='bbox 944 2515 979 2556; x_wconf 83' lang='lat' dir='ltr'>ex</span> <span class='ocrx_word' id='word_1_209' title='bbox 1019 2465 1020 2548; x_wconf 63' lang='lat' dir='ltr'>d</span> 
     </span>
     <span class='ocr_line' id='line_1_32' title="bbox 171 2567 979 2642; baseline 0.006 -18"><span class='ocrx_word' id='word_1_210' title='bbox 171 2567 268 2624; x_wconf 85' lang='lat' dir='ltr'>amicis</span> <span class='ocrx_word' id='word_1_211' title='bbox 288 2567 362 2640; x_wconf 89' lang='lat' dir='ltr'>apud</span> <span class='ocrx_word' id='word_1_212' title='bbox 381 2570 559 2626; x_wconf 86' lang='lat' dir='ltr'>Numantiam</span> <span class='ocrx_word' id='word_1_213' title='bbox 579 2578 735 2642; x_wconf 75' lang='lat' dir='ltr'>occeperat,</span> <span class='ocrx_word' id='word_1_214' title='bbox 764 2573 856 2628; x_wconf 86' lang='lat' dir='ltr'>omnia</span> <span class='ocrx_word' id='word_1_215' title='bbox 876 2571 979 2630; x_wconf 74' lang='lat' dir='ltr'>Romae</span> 
     </span>
    </p>

    <p class='ocr_par' dir='ltr' id='par_1_5' title="bbox 172 2643 1019 2810">
     <span class='ocr_line' id='line_1_33' title="bbox 173 2643 1019 2716; baseline 0.007 -18"><span class='ocrx_word' id='word_1_216' title='bbox 173 2644 281 2701; x_wconf 85' lang='lat' dir='ltr'>venalia</span> <span class='ocrx_word' id='word_1_217' title='bbox 291 2643 451 2708; x_wconf 83' lang='lat' dir='ltr'>esse‚simui</span> <span class='ocrx_word' id='word_1_218' title='bbox 464 2653 490 2700; x_wconf 90' lang='lat' dir='ltr'>et</span> <span class='ocrx_word' id='word_1_219' title='bbox 500 2646 613 2702; x_wconf 86' lang='lat' dir='ltr'>iliorum</span> <span class='ocrx_word' id='word_1_220' title='bbox 623 2644 871 2716; x_wconf 83' lang='lat' dir='ltr'>pollicitationibus</span> <span class='ocrx_word' id='word_1_221' title='bbox 880 2665 980 2706; x_wconf 86' lang='lat' dir='ltr'>acceu-</span> <span class='ocrx_word' id='word_1_222' title='bbox 1018 2679 1019 2694; x_wconf 36' lang='grc' dir='ltr'><strong>κ</strong></span> 
     </span>
     <span class='ocr_line' id='line_1_34' title="bbox 172 2718 971 2795; baseline 0.006 -20"><span class='ocrx_word' id='word_1_223' title='bbox 172 2737 235 2788; x_wconf 85' lang='lat' dir='ltr'>sus,</span> <span class='ocrx_word' id='word_1_224' title='bbox 255 2737 324 2795; x_wconf 89' lang='lat' dir='ltr'>quos</span> <span class='ocrx_word' id='word_1_225' title='bbox 333 2718 428 2794; x_wconf 85' lang='lat' dir='ltr'>paullo</span> <span class='ocrx_word' id='word_1_226' title='bbox 441 2727 504 2776; x_wconf 87' lang='lat' dir='ltr'>anta</span> <span class='ocrx_word' id='word_1_227' title='bbox 518 2720 681 2776; x_wconf 83' lang='lat' dir='ltr'>muneribus</span> <span class='ocrx_word' id='word_1_228' title='bbox 694 2720 867 2793; x_wconf 77' lang='lat' dir='ltr'>expleverat,</span> <span class='ocrx_word' id='word_1_229' title='bbox 890 2726 920 2780; x_wconf 89' lang='lat' dir='ltr'>in</span> <span class='ocrx_word' id='word_1_230' title='bbox 936 2743 971 2779; x_wconf 80' lang='lat' dir='ltr'>re</span> 
     </span>
    </p>
   </div>
   <div class='ocr_carea' id='block_1_5' title="bbox 0 0 1043 3032">
    <p class='ocr_par' dir='ltr' id='par_1_6' title="bbox 0 0 1043 3032">
     <span class='ocr_line' id='line_1_35' title="bbox 0 0 1043 3032; baseline 0 0"><span class='ocrx_word' id='word_1_231' title='bbox 0 0 1043 3032; x_wconf 95' lang='lat' dir='ltr'> </span> 
     </span>
    </p>
   </div>
  </div>
 </body>
</html>
