2070 3036
186 211 232 264 tlt
383 215 409 261 e.
431 215 557 262 ontsrr
577 215 788 260 snnuusrrr

183 320 352 382 societatem,
368 315 495 388 accipiet.
516 313 586 371 ldihi
598 312 718 380 fortuna,
730 313 831 370 multis
841 315 982 371 rebmcre·

183 393 249 466 ptis,
261 410 344 448 usum
355 391 433 448 dedit
443 390 512 447 benc
522 389 676 446 suadendi:
692 398 728 458 et,
745 390 823 462 quod
834 389 984 448 florentibus

183 468 306 542 optabile
317 477 372 533 est,
388 483 453 542 ego,
470 482 524 522 non
534 465 754 530 validissumus,
766 467 891 538 praebeo
901 484 987 524 exem-

184 546 276 616 plum,
292 561 348 617 qno
358 544 461 600 rectius
471 551 518 598 tua
527 558 687 615 componas.
723 542 854 614 Namque
865 543 986 600 Romania

184 639 247 676 cum
258 619 432 685 nationibus,
452 616 579 690 populis,
601 616 717 706 regibus
731 619 846 674 cunctis
856 635 916 675 una
928 631 954 676 et
963 638 989 675 sa

185 707 265 753 vetus
275 713 373 753 caussa
383 693 506 750 bellandi
518 702 569 759 est,
580 692 683 765 cupido
694 692 837 766 prolunda
848 696 961 768 imperii
970 705 992 751 et

184 771 361 840 divitiarnm3
378 789 433 843 qua
444 770 534 844 primo
543 786 607 825 cum
619 769 877 843 regelllacedonum
888 772 994 845 Philip

183 865 220 920 po
231 847 337 903 belluna
348 863 501 920 sumpsere.
528 845 597 900 llum
610 861 625 899 a
636 843 924 918 Carthaginiensibus
934 867 993 921 pre·

186 923 345 989 tuebantur,
367 922 517 979 amicitiam
531 921 709 986 simulantes,
731 921 758 975 ei
777 921 991 980 subvenientem

184 998 351 1054 Antiochum
371 998 549 1054 concessione
568 997 650 1052 Asiae
668 1013 718 1068 per
736 995 835 1052 dolum
856 1010 988 1066 avertere}

184 1091 216 1129 ac
227 1091 305 1140 mox,
318 1075 402 1130 lracto
412 1073 556 1145 Philippo,
569 1073 721 1128 Antiochus
730 1073 806 1127 omni
819 1074 863 1128 cis
873 1077 990 1131 Taurum

185 1167 250 1223 agro
275 1159 302 1205 et
324 1149 419 1205 decem
444 1149 571 1204 millibus
597 1148 760 1203 talentorum
783 1149 926 1220 spoliatus
945 1161 989 1206 est.

185 1226 284 1280 Persen
295 1225 411 1289 deinde,
433 1225 559 1297 Philippi
574 1223 677 1288 lilium,
697 1230 760 1295 post
776 1225 866 1281 multa
880 1230 990 1282 etvaria

185 1301 347 1364 certamina,
369 1298 443 1372 apud
459 1300 650 1356 Samothracas
666 1298 732 1354 deos
748 1309 898 1373 acceptum
918 1305 947 1358 in
962 1302 990 1356 li-

185 1377 258 1442 dem,
271 1373 367 1431 callidi
378 1383 404 1430 et
415 1385 567 1448 repertores
579 1374 720 1447 perfidiae,
736 1377 804 1446 quia
813 1387 898 1448 pacto
908 1379 987 1434 vitam

185 1452 327 1516 dederant,
339 1451 486 1507 insomniis
496 1452 631 1507 occidere.
652 1449 816 1516 Eumenem,
829 1455 915 1508 cuius
926 1455 988 1510 ami-

185 1531 279 1586 citiam
290 1529 410 1603 gloriose
420 1535 570 1592 ostentant,
592 1526 672 1581 initio
685 1526 835 1599 prodidere
845 1528 986 1592 Antiocho,

185 1607 262 1680 pacis
273 1604 442 1673 mercedem;
456 1611 518 1676 post
527 1601 664 1668 Attalum,
676 1601 820 1658 custodem
831 1605 892 1678 agri
904 1606 988 1677 capti-

186 1682 229 1749 vi,
251 1681 411 1754 sumptibus
426 1689 453 1736 et
465 1679 641 1737 coutumeliis
656 1695 691 1732 ex
706 1695 771 1752 rege
794 1680 986 1736 miserrumam

185 1774 328 1812 servorum
348 1755 475 1812 ell'acere:
502 1753 688 1825 simulatoque
709 1754 796 1827 impio
816 1763 984 1818 testamento,

186 1831 274 1887 filiurn
290 1834 351 1888 eius
362 1831 561 1895 Aristonicum,
578 1830 644 1902 quia
658 1829 779 1902 patrium
788 1847 910 1902 regnum
920 1831 987 1904 peti·

185 1916 270 1972 verat,
293 1908 414 1963 hostiurn
430 1923 504 1962 more
519 1922 568 1977 per
582 1903 754 1976 triumphurn
769 1904 887 1962 duxere.
927 1907 986 1961 Asia

186 1982 221 2039 ab
232 1984 302 2056 ipsis
312 1984 425 2040 obsessa
436 1991 490 2038 est:
507 1989 644 2054 postremo
654 1979 827 2055 Bithyniam,
840 1981 985 2036 Nicomede

186 2068 305 2125 mortuo,
323 2059 477 2131 diripuere;
500 2074 563 2112 cunr
578 2056 653 2111 filius
662 2057 750 2119 Nusll,
767 2073 850 2128 quam
867 2059 985 2130 reginam

186 2135 401 2207 appellaverant,
414 2134 525 2207 genitus
537 2131 706 2187 hauddubie
716 2139 799 2186 esset.
840 2131 984 2205 Numquid

186 2227 237 2283 ego
247 2227 292 2264 me
303 2207 460 2283 appellem‘l
472 2225 565 2280 quern,
578 2207 749 2262 disiunctum
761 2206 888 2278 undique
898 2208 983 2282 regnis

186 2293 213 2340 et
223 2287 378 2341 tetrarchiis
389 2285 424 2340 ab
435 2285 552 2356 imperio
563 2301 671 2347 eorum,
693 2284 760 2354 quia
772 2281 843 2336 fama
856 2291 926 2347 erat,
946 2283 984 2338 di-

186 2359 270 2413 vitem
283 2377 373 2432 neque
382 2360 552 2416 serviturum
566 2376 640 2424 esse,
662 2375 711 2430 per
723 2357 902 2413 Nicomedem
915 2358 983 2413 bello

185 2435 399 2506 lacessiverunt;
422 2433 536 2489 sceleris
551 2451 644 2490 eorum
661 2431 734 2488 haud
746 2433 889 2506 ignarum,
908 2443 935 2489 et
946 2451 981 2496 ea,

184 2527 257 2585 quae
266 2510 400 2574 accidere,
416 2515 544 2563 testatum
557 2519 635 2565 antea
646 2509 798 2571 Cretenses,
814 2508 888 2564 solos
898 2509 983 2564 omni·

187 2604 233 2641 um
245 2583 346 2639 liberos
357 2601 386 2636 ea
399 2589 571 2640 tammum,
584 2591 610 2636 et
621 2600 713 2654 regern
724 2581 918 2652 Ptolemaeum.
937 2586 981 2638 At·

186 2654 352 2729 qucegofrs
580 2655 730 2708 icomedam
740 2655 868 2727 Bithynia
879 2673 900 2688 f·
953 2656 979 2723 ⁰,

186 2733 288 2786 Asiam·
584 2725 726 2794 Antiochi,
742 2729 832 2784 rece*

649 2931 720 3014 J
