2070 3036
222 194 513 245 luoun‘rutrtun.
533 201 615 248 CAP.
636 203 745 250 ts-ts.
836 199 884 250 {05

91 296 509 374 consiliumqneignorantibns,
526 303 662 358 tumultus
672 306 733 378 ipse
743 315 769 362 et
781 324 824 362 res
834 324 885 364 no-

90 391 137 428 vae
147 375 216 430 satis
223 375 380 447 placebant.

140 485 371 542 vauuomani
382 488 495 552 milites,
503 489 624 559 perculsi
635 489 787 563 improviso
797 501 883 556 metu,

86 562 182 616 incerti
192 561 354 635 ignarique,
370 563 439 636 quid
450 566 635 638 potissumum
647 566 781 632 facerent,
798 569 886 640 trepi-

84 637 163 705 dare,
194 637 230 692 ad
251 655 340 694 arcem
359 640 472 712 oppidi,
497 640 547 695 nbi
561 642 641 713 signa
656 651 684 697 et
698 655 776 698 scuta
795 653 882 708 erant,

82 711 257 784 praesidinm
274 714 409 784 bostium3
434 725 543 789 portae,
565 727 627 772 ante
643 719 769 782 clausae,
789 718 884 791 fugam

80 788 283 862 prohibebant:
295 790 394 846 adhoc
403 791 534 847 mulieres
543 795 681 865 puerique
691 811 741 866 pro
752 796 886 849 tectisae-

39 895 42 912 ,-
80 865 319 921 dificiornmsaxa
329 875 356 922 et
366 868 434 932 alia,
450 885 523 940 quae
533 868 610 924 locus
620 869 785 942 praebebat,
797 879 883 924 certa·

37 941 39 986 l
79 944 131 996 tim
142 943 264 996 mittere.
303 943 342 998 Ita
352 961 442 1016 neque
452 947 546 999 caveri
555 961 657 1016 anceps
667 946 782 1009 malum,
794 961 885 1018 neque

80 1037 96 1072 a
107 1016 280 1072 fortissumis
290 1019 488 1076 infirmissumo
495 1022 592 1093 generi
602 1021 693 1076 resisti
703 1038 784 1092 posse
792 1041 798 1076 :
806 1021 885 1077 iuxta

80 1094 146 1149 boni
157 1093 297 1165 malique,
309 1097 414 1150 strenui
425 1106 452 1152 et
459 1097 617 1152 imbecilles
624 1097 705 1151 multi
716 1096 883 1154 obtruncati.

78 1171 109 1225 In
120 1187 153 1224 ee
165 1177 240 1223 tanta
252 1172 406 1242 asperitate,
414 1172 731 1228 saevissumisNumidis
741 1174 772 1228 in
781 1173 886 1247 oppido

79 1245 208 1318 nudique
219 1245 323 1312 clauso,
336 1248 479 1321 Turpilius
489 1248 655 1321 praefectus,
668 1266 784 1306 unusex
793 1251 886 1306 omni·

78 1322 131 1377 bus
150 1320 272 1386 Italicis,
295 1321 420 1397 profugit
437 1325 568 1381 intactus.
608 1323 640 1379 ld
657 1327 885 1384 misericordiane

77 1397 215 1471 hospitis,
236 1415 271 1452 an
285 1401 426 1470 pactione,
447 1419 481 1456 an
496 1417 563 1456 casu
576 1401 613 1455 ita
626 1404 763 1468 evenerit,
784 1420 884 1475 parum

77 1474 282 1548 comperimus;
305 1475 374 1541 nisi,
388 1478 455 1548 qnia
465 1476 509 1532 illi
519 1479 548 1531 in
559 1485 634 1532 tanto
643 1479 715 1533 malo
726 1480 816 1552 turpis
827 1481 885 1534 vita

76 1553 193 1683 inhegtpla?
205 1547 278 1606 fama
294 1552 383 1623 potior
396 1551 464 1618 luit,
495 1551 641 1624 improbus
659 1555 885 1627 intestabilisque

78 1645 143 1683 vie
196 1668 202 1679 .

133 1749 256 1809 LXVIII.
285 1749 428 1814 Metellus,
455 1758 605 1822 postquam
627 1750 663 1806 de
686 1750 771 1806 rebus
789 1751 883 1825 Vagae

77 1829 146 1884 actis
157 1826 307 1897 comperit,
328 1825 482 1898 paullisper
491 1835 614 1882 moestus
624 1844 640 1882 e
650 1833 799 1898 conspectu
809 1827 881 1884 abit:

77 1903 197 1968 deinde,
210 1901 259 1956 ubi
271 1902 312 1956 ira
322 1910 349 1956 ot
359 1901 504 1975 aegritudo
513 1903 651 1974 permixta
662 1911 812 1965 sunt,cum
823 1921 883 1959 ma·
996 1917 999 1943 t

77 1997 162 2035 xuma
178 1995 247 2034 cura
261 1977 349 2033 ultum
367 1979 408 2034 ire
421 1978 540 2050 iniurias
560 1975 682 2034 festinat.
721 1979 881 2050 Legionem,

76 2071 142 2112 oum
153 2071 211 2127 qua
222 2053 370 2119 hiemabat,
385 2062 421 2118 et,
432 2053 663 2125 quamplurimos
672 2061 772 2125 potest,
784 2054 884 2108 Numi-

76 2133 127 2188 das
142 2130 255 2203 equites
269 2132 372 2201 pariter
386 2147 451 2185 oum
465 2147 565 2184 occasu
579 2129 647 2186 solis
657 2127 802 2200 expeditos
813 2130 883 2185 edu-

76 2210 128 2275 cit;
152 2215 181 2262 et
190 2214 299 2277 postera
309 2206 356 2262 die
365 2206 476 2262 circiter
488 2205 585 2262 boram
594 2207 704 2262 tertiam
715 2206 843 2276 pervenit
853 2207 882 2262 in

76 2281 231 2356 quemdam
247 2282 407 2354 planitiem,
428 2281 498 2336 locis
513 2281 608 2354 paullo
620 2279 813 2353 superioribus
827 2283 884 2337 cir·
975 2302 979 2317 ·

76 2366 267 2416 cumventem.
287 2357 330 2414 Ibi
342 2359 460 2424 milites,
472 2356 561 2413 fessos
571 2358 680 2413 itineris
690 2357 883 2431 magnitudine

75 2443 103 2494 et
113 2437 173 2490 iam
183 2433 331 2490 abnuentis
340 2434 448 2498 omnia,
460 2432 554 2497 docet,
565 2433 701 2505 oppidum
711 2435 816 2508 Vagam
827 2451 881 2489 non

77 2511 202 2582 amplius
208 2508 286 2566 mille
294 2527 428 2582 passuum
434 2508 546 2565 abesse:
559 2508 658 2565 decere
668 2509 732 2565 illos
741 2510 883 2581 reliquum

77 2587 203 2642 laborem
214 2601 303 2656 aequo
313 2587 405 2640 animo
415 2588 482 2658 pati,
495 2585 563 2640 dum
573 2602 624 2656 pro
634 2586 746 2642 civibus
756 2587 825 2650 suis,
838 2586 883 2641 vi-

76 2663 116 2717 ris
131 2660 302 2716 fortissumis
314 2669 397 2733 etque
412 2661 600 2725 miserrumis,
623 2679 726 2734 poenas
736 2670 878 2734 caperent,
965 2660 970 2683 ¹

77 2747 223 2811 praeterea
232 2735 364 2809 praedem
373 2738 495 2810 benigne
505 2744 632 2794 ostentat.
666 2737 714 2792 Sic
724 2738 824 2794 animis
835 2755 882 2794 eo-
