2058 3032
142 209 175 260 68
293 212 320 258 C.
343 213 399 258 CR.
420 213 627 261 SALLUSTII
645 212 799 258 BELLUM

143 315 244 370 Cirtam
261 313 397 387 prologit3
420 321 447 368 el
462 313 492 368 ni
505 312 656 369 multitudo
673 321 827 387 togatorum
843 311 955 378 luisset,

145 407 214 460 quae
226 389 361 444 Numidas
371 390 549 460 insequentes
562 387 709 444 moenibus
722 388 884 462 prohibuit,
900 406 958 444 uno

143 465 190 519 die
201 466 273 519 inter
287 464 358 521 duos
372 480 452 537 reges
466 473 594 536 coeptum
603 473 687 536 atque
698 473 836 537 patratum
847 463 956 519 bellum

144 539 223 596 foret.
262 538 491 614 igilurlugurtha
499 539 635 612 oppidum
645 539 839 604 circumsedit,
864 540 957 595 vineis

144 615 325 688 turribusque
335 623 361 672 et
366 613 504 672 machinis
512 616 637 671 omnium
648 631 781 688 generum
792 629 958 688 expugnare

143 691 320 765 aggreditur;
347 705 476 746 maxume
496 689 644 756 festinans,
674 700 784 763 tempus
801 691 958 762 legatorum

143 776 320 840 antecapere,
332 782 402 838 quoe
413 773 475 822 ante
485 766 622 838 praelium
634 764 750 830 laetum,
763 765 798 820 ab
809 764 958 821 Adherba-

145 843 172 898 le
182 844 297 900 Romam
307 843 407 898 missos
418 841 573 898 audiverat.
612 840 668 896 Sed
679 849 825 913 postquem
836 839 958 898 Senatus

145 918 180 974 de
190 917 265 975 bello
274 935 369 974 eorum
379 917 500 990 aceepit,
520 926 576 973 tres
591 916 782 972 adulescentes
792 916 823 970 in
832 914 959 974 Africam
1023 933 1024 938 ¹

145 994 283 1068 legantur,
294 995 345 1067 qui
356 992 452 1049 ambos
462 1009 542 1067 reges
553 991 661 1057 adeant,
673 991 791 1048 Senatus
800 992 958 1064 populique

144 1069 260 1126 Romani
276 1070 369 1126 verbis
383 1069 530 1124 nuncient:
557 1067 661 1134 „Velle
671 1076 698 1125 et
708 1084 835 1132 censere,
858 1083 907 1124 eos
922 1067 959 1122 ab

145 1146 230 1201 armis
245 1143 402 1200 discedere:
424 1144 461 1200 de
480 1143 676 1200 controversiis
691 1143 752 1200 suis
771 1144 832 1198 iure
851 1144 957 1214 potius,

145 1238 230 1292 quana
244 1219 332 1287 bello,
358 1219 527 1293 disoeptare:
555 1221 595 1275 ita
608 1235 695 1291 seque
709 1217 824 1290 illisque
838 1218 959 1292 dignum

146 1303 246 1352 esee.“

203 1371 291 1428 XXll.
312 1370 408 1443 Legati
420 1371 449 1426 in
460 1370 582 1426 Africam
592 1376 761 1425 maturantes
772 1370 903 1434 veniunt,
926 1387 960 1425 eo

147 1449 251 1522 magia,
262 1445 337 1519 quod
348 1447 464 1513 Romae,
479 1446 548 1502 dum
558 1442 697 1519 proficisci
707 1453 818 1517 parant,
830 1444 867 1500 de
876 1461 962 1516 prae-

148 1525 186 1581 lio
201 1523 272 1580 laeto
286 1530 313 1577 et
328 1524 536 1596 oppugnatione
550 1521 640 1578 Cirtae
660 1520 837 1590 audiebatur3
866 1519 918 1576 sed
934 1522 961 1576 ie

147 1617 241 1656 rumor
254 1598 377 1654 clemens
392 1608 460 1655 erat.
499 1596 622 1666 Quorum
632 1597 765 1672 iugurtha
775 1606 887 1669 accepta
895 1614 961 1653 ora·
1022 1619 1023 1636 ¹

147 1677 222 1732 tione
232 1674 389 1748 respondit:
404 1673 489 1740 „Sibi
498 1691 591 1747 neque
600 1674 691 1730 maius
702 1671 857 1746 quidquam
866 1690 960 1746 neque

147 1753 240 1808 carius
250 1751 410 1808 auctoritate
419 1750 514 1806 Senati
529 1767 603 1818 esse;
625 1749 661 1804 ub
677 1748 866 1804 adulescentia
879 1749 960 1804 itase

147 1829 272 1892 enisum,
293 1828 334 1882 uti
350 1825 385 1882 ab
399 1834 632 1899 optumoquoqne
646 1823 822 1896 probaretur:
843 1825 959 1890 virtute,

148 1919 202 1958 non
214 1903 333 1967 mulitia,
344 1903 375 1956 P.
386 1900 527 1973 Scipioni,
542 1916 651 1955 summo
661 1899 736 1966 viro,
752 1901 906 1972 placuisse:
923 1901 962 1957 ob

147 1977 260 2033 easdem
271 1986 342 2033 artes
352 1975 387 2031 ab
398 1976 528 2048 Micipsa,
548 1991 602 2030 non
613 1975 730 2047 penuria
741 1974 907 2040 liberorum,
927 1978 959 2034 in

147 2071 265 2126 regnum
280 2052 439 2124 adoptatum
458 2067 530 2106 esse.
571 2049 699 2107 Ceterum
716 2067 772 2124 quo
786 2051 868 2140 plura
888 2052 962 2108 bene

147 2137 230 2200 elque
242 2138 353 2186 strenue
364 2127 485 2190 lenisset.
498 2142 530 2181 eo
537 2126 661 2182 aninum
671 2143 755 2182 suum
765 2127 897 2182 iniuriam
905 2129 963 2184 mi·

148 2221 201 2260 nus
224 2204 351 2260 tolerare:
376 2200 563 2258 Adherbalem
580 2200 653 2259 dolis
668 2203 742 2260 vitae
756 2219 823 2258 suae
839 2201 962 2260 insidia-

148 2287 222 2348 ωιτη
235 2280 311 2352 quod
321 2278 371 2335 ubi
382 2277 572 2350 comperisset,
583 2279 683 2335 sceleri
694 2279 756 2334 eius
766 2278 880 2334 obviam
891 2280 960 2336 isse.

146 2354 285 2427 Populum
296 2355 450 2410 Romanum
464 2370 556 2426 neque
571 2363 644 2410 reule
659 2369 750 2425 neque
764 2371 814 2426 pro
828 2354 903 2411 bono
918 2355 963 2412 fa·

149 2438 273 2497 cunum,
285 2430 310 2486 si
321 2429 356 2486 ab
367 2431 427 2486 iure
438 2430 565 2504 gentium
574 2447 636 2486 sese
646 2427 833 2502 prohibuerit:
851 2439 964 2503 postre-
1021 2447 1022 2478 r

150 2524 201 2563 mo
209 2505 245 2562 de
258 2505 389 2562 omnibus
404 2506 488 2563 rebus
505 2506 609 2579 legatos
624 2505 735 2560 Romam
757 2503 837 2562 brevi
855 2507 963 2563 missu-

151 2590 251 2642 rum.“
290 2583 329 2639 lta
349 2582 461 2654 utrique
481 2581 686 2654 digrediuntur.
726 2577 894 2637 Adherbalis
910 2600 963 2657 ap-

152 2659 274 2736 pellandi
284 2658 362 2732 eopia
372 2673 428 2712 non
439 2655 502 2711 luit.

209 2737 307 2794 xxm.
326 2731 459 2807 iugurtha
476 2730 527 2786 ubi
541 2747 587 2786 eos
600 2727 694 2784 Αἰγίου
711 2729 866 2786 decessisse
883 2743 963 2790 ratus

4 2816 8 2844 l

4 2849 10 2941 l
