2058 3032
2 1 5 104 l

5 2843 10 2885 l

142 207 175 260 28
349 211 376 257 C.
396 209 525 256 emera
544 211 751 260 sannusun

142 312 255 377 adeant,
277 309 348 367 bene
357 310 553 383 polliceantur;
577 311 698 385 dentque
711 329 837 385 operam,
863 315 904 370 uti
915 333 959 371 eos

139 405 223 460 quam
234 405 364 443 maxume
374 385 535 442 manifestos
545 388 676 444 habeant.

197 464 281 520 XLll.
300 462 403 518 lisdem
420 461 478 518 fere
494 465 667 537 temporibus
681 466 711 519 in
723 464 815 521 Gallia
830 466 960 523 citeriore

140 548 224 613 atque
233 539 380 605 ulteriore,
393 539 460 594 item
470 539 499 594 iu
511 557 577 614 agro
584 539 700 606 Piceno,
711 540 830 605 Bruttio,
844 540 959 614 Apulia,

139 625 230 672 motus
241 624 308 671 crat.
348 616 473 686 Namque
483 615 541 681 illi,
563 633 633 690 quos
649 625 727 672 antea
742 615 861 673 Catilina
873 616 962 673 dimi-

139 701 225 757 serat,
248 691 404 748 inconsulte
420 707 452 745 ac
466 692 552 747 veluti
571 709 621 766 per
630 692 799 748 dementiam
809 702 910 749 cuncta
921 695 962 749 si-

140 769 199 824 mul
211 768 342 842 agebant:
366 767 508 822 nocturnis
518 768 658 834 consiliis,
673 785 813 824 armorum
823 778 908 841 atque
918 779 962 825 te-

140 845 231 901 lorum
256 841 472 918 portationibus,
503 842 674 911 festinando,
704 843 833 919 agitando
854 846 960 911 omnia,

1021 245 1024 326 l

139 921 204 993 plus
218 919 340 984 timoris,
370 935 454 990 quam
469 921 588 991 periculi
603 919 756 977 effecerant.
794 921 838 977 Ex
858 937 891 976 eo
906 939 963 977 nu·
1024 935 1025 984 ι

139 1013 215 1054 mero
235 994 391 1067 complures
411 993 444 1062 Q.
464 996 592 1052 Metellus
612 996 691 1054 Celer
707 997 830 1062 Praetor,
854 1013 890 1052 ex
908 997 963 1054 Se·
1024 993 1025 1028 f

139 1071 347 1134 naticonsulto,
369 1087 508 1127 caussaco
528 1073 600 1138 nita,
621 1075 651 1128 in
662 1073 775 1129 vincula
787 1073 960 1140 coniecerat3

140 1149 207 1204 item
221 1149 251 1203 in
265 1147 395 1204 ulteriore
406 1091 528 1204 Gallial

141 1225 248 1299 legatus
258 1232 394 1296 praeerat.

144 1327 148 1332 ¹
196 1300 292 1356 XLlll.
313 1298 349 1354 At
357 1298 460 1354 Romae
469 1300 605 1356 Lentulus
616 1317 679 1356 cum
691 1301 805 1368 ceteris,
818 1303 870 1373 qui
879 1303 963 1374 prin-

140 1377 217 1450 cipes
242 1375 440 1433 coniurationis
464 1384 555 1440 crant,
592 1378 711 1448 paratis,
744 1385 775 1432 ut
798 1376 959 1445 videbatur,

140 1453 250 1527 magnis
265 1451 368 1523 copiis,
395 1453 587 1518 constituerat,
613 1454 669 1518 uti,
691 1470 779 1526 quum
795 1452 915 1510 Catilina
929 1457 961 1511 in

127 1530 238 1604 'agrum
249 1526 434 1583 Faesulanum
449 1543 512 1583 cum
528 1529 651 1586 exercitu
666 1529 802 1595 venisset,
824 1530 855 1584 L.
867 1529 961 1587 Bestia

140 1601 384 1677 tribunusplebis,
397 1606 529 1661 concione
539 1605 643 1672 habita,
655 1614 818 1678 quereretur
826 1605 862 1661 de
873 1607 961 1662 actio-

141 1680 226 1737 nibus
238 1680 392 1747 Ciceronis,
414 1681 539 1755 bellique
549 1683 718 1756 gravissumi
728 1681 961 1755 invidiamoptu-

141 1775 186 1814 mc
200 1757 315 1814 Consuli
335 1757 502 1830 imponeret,
525 1775 557 1813 eo
574 1759 654 1832 signo
668 1775 804 1830 proxuma
819 1767 898 1815 nocte
913 1777 962 1816 ce-

140 1842 198 1888 tera
214 1832 364 1890 multitudo
378 1833 576 1889 coniurationis
589 1849 670 1888 suum
684 1835 805 1905 quiaque
815 1836 961 1908 negotium

141 1917 349 1981 exsequeretur.
390 1906 445 1964 Sed
458 1926 490 1964 ea
507 1907 599 1964 divisa
613 1908 666 1964 boc
679 1907 760 1964 modo
778 1908 959 1970 dicebantur:

141 1984 270 2041 Statilius
285 1993 312 2040 et
322 1982 459 2041 Gabinius
474 1986 594 2039 uticum
604 2001 702 2058 magna
714 2001 799 2041 manu
809 1985 962 2046 duodecim

140 2060 225 2116 simul
236 2069 390 2134 opportuna
402 2060 460 2116 loca
470 2060 549 2115 urhis
559 2060 753 2128 incenderent,
770 2079 826 2135 quo
835 2066 962 2122 tumultu

141 2135 251 2194 facilior
262 2136 354 2192 aditus
365 2135 400 2192 ad
410 2135 558 2192 Consulem
572 2131 746 2211 ceterosque,
771 2138 876 2211 quihus
887 2141 963 2198 insi-

141 2212 205 2270 diae
214 2212 397 2284 parabantur,
422 2212 512 2268 fieret:
538 2211 677 2288 Cethegus
690 2214 831 2271 Ciceronis
846 2216 960 2274 ianuam

141 2287 296 2354 obsideret,
314 2305 435 2362 eumque
446 2289 475 2344 vi
485 2288 695 2363 adgrederetur;
719 2291 791 2346 alius
802 2300 895 2348 autem
905 2295 960 2350 ali-

143 2383 205 2436 um;
217 2364 267 2421 sed
277 2363 329 2420 filii
337 2364 517 2431 familiarum,
528 2381 647 2437 quorum
658 2384 693 2422 ex
703 2367 847 2424 nobilitate
858 2385 959 2426 maxu-

144 2460 188 2498 ma
198 2459 262 2516 pars
273 2447 343 2506 erat,
358 2450 486 2514 parentes
496 2442 696 2512 interficerent;
717 2443 816 2510 simul,
836 2444 921 2501 caede
932 2457 959 2502 et

145 2517 272 2576 incendio
295 2518 433 2590 perculsis
458 2517 602 2586 omnibus,
641 2519 676 2574 ad
695 2517 841 2576 Catilinam
864 2537 959 2578 erum-

147 2604 251 2671 perent.
291 2595 364 2650 luter
382 2593 453 2650 baec
470 2602 565 2666 parata
586 2604 668 2666 atque
690 2593 799 2650 decreta
819 2595 903 2652 Cethe

149 2691 257 2748 semper
270 2667 435 2746 querebatur
449 2668 484 2724 de
498 2671 612 2744 ignavia
625 2672 776 2726 sociorum:
799 2671 892 2728 illosd
933 2675 959 2730 i·

151 2752 233 2808 teudo
246 2759 272 2808 et
286 2747 346 2806 dics
357 2744 518 2822 prolatando
533 2761 647 2800 mannas
660 2747 878 2819 opportunitates
897 2765 958 2806 ccr-

531 1149 677 1216 ueram,
699 1150 750 1223 qui
760 1150 786 1205 ei
797 1150 962 1222 provinciae
1024 1165 1025 1174 ³

1024 2797 1026 2824 l
