2058 3032
158 182 199 235 dd
374 190 400 234 C.
421 188 549 236 cnlspl
568 190 777 236 SALLUSTII

131 275 141 294 ⁶
167 305 199 350 eo
209 295 332 359 temporo
342 287 443 346 Consul
455 290 615 364 designatus
627 300 696 352 erat,
713 290 747 354 de
758 291 817 356 his,
834 293 885 363 qui
897 292 927 350 in
938 299 983 348 e‘u·

167 363 266 420 stodiis
277 364 449 431 tenebantur,
461 375 488 422 et
499 376 639 438 praeterea
650 367 684 422 de
694 367 725 422 L.
733 367 837 431 Cassio,
850 367 882 422 P.
892 368 981 430 Furio,

166 439 197 494 P.
211 439 362 509 Umbreno,
378 441 411 510 Ο.
423 440 527 506 Annio,
545 444 569 496 si
580 441 746 515 deprehensi
759 442 861 507 forent,
874 443 984 516 suppli-

166 517 242 572 cium
253 517 419 574 sumendum
432 518 604 578 decreverat:
622 520 703 590 isque
716 528 825 591 postea,
844 530 984 590 permotus

166 592 324 648 orationeC.
337 592 599 667 Caesaris,pedibus
610 595 639 649 iu
650 597 814 652 sententiam
826 595 890 650 Tib.
899 597 984 651 Nero-

168 673 211 724 nia
223 669 326 726 iturum
337 687 367 726 se
378 669 500 737 dixerat3
513 670 588 743 quod
598 670 633 724 de
644 688 674 726 ea
686 688 729 735 re,
741 671 893 744 praesidiis
905 671 984 726 eddi-

168 743 216 809 tis,
232 743 411 802 referundum
422 755 576 802 censuerat.
616 746 671 802 Sed
682 746 796 813 Caesar,
815 747 865 802 ubi
875 747 910 802 ad
922 765 984 804 eum

167 829 279 878 ventum
291 829 346 888 est,
367 831 478 896 rogatus
493 823 658 880 sententiam
669 841 683 880 a
694 823 828 888 Consule,
851 823 985 880 huiusce—

168 897 244 952 modi
256 897 339 954 verbe
351 897 459 954 locutus
470 908 521 955 est.
689 959 691 966 ,

223 973 267 1028 Ll.
290 973 418 1038 „Omnes
434 974 575 1037 homines,
595 974 688 1030 Patres
702 974 865 1048 conscripti,
888 975 939 1047 qui
951 973 984 1032 de

168 1047 251 1106 rebus
261 1047 356 1105 dubiis
367 1050 536 1116 consultant,
554 1047 679 1114 ebodio,
697 1051 832 1114 amicitia,
849 1051 891 1106 ira
903 1057 985 1122 atque

168 1125 357 1180 misericordia
369 1143 471 1182 vacuos
488 1145 548 1182 esse
564 1127 652 1182 decet.
692 1123 769 1182 Haud
782 1123 862 1182 facile
874 1127 985 1182 animus

169 1217 264 1256 rerum
276 1202 417 1274 providet,
437 1202 486 1258 ubi
501 1203 549 1258 illa
563 1202 710 1266 obiciunt,
732 1219 822 1273 neque
833 1203 985 1275 quisquam

167 1277 291 1334 omnium
303 1275 425 1336 lubidini
436 1279 520 1334 simul
532 1287 558 1334 et
569 1278 633 1332 usui
645 1279 746 1348 paruit.
767 1277 818 1334 Ubi
830 1278 986 1334 intenderis

167 1353 321 1426 ingenium,
330 1353 403 1409 valet
411 1373 417 1422 ;
425 1356 449 1410 si
462 1353 558 1410 lubido
570 1353 702 1428 possidet,
711 1370 740 1408 en
748 1353 915 1417 dominatur,
924 1357 987 1410 ani-

167 1445 229 1486 mus
242 1429 311 1484 nihil
323 1430 407 1486 valet.
427 1431 524 1504 Magna
535 1430 603 1484 milri
616 1431 694 1501 copia
705 1439 746 1484 est
757 1430 938 1496 memorandi,
954 1433 984 1486 P.

167 1501 214 1568 C„
226 1506 563 1580 quiregesatquepopuli,
575 1507 614 1562 ira
627 1516 673 1562 aut
684 1507 987 1579 misericordininrpul-

169 1581 203 1644 si,
212 1580 491 1638 malaconsuluerint:
504 1582 854 1654 sedeamalodicere,quae
866 1585 986 1640 maiores

168 1658 268 1721 nostri,
285 1655 378 1714 co'ntre
390 1659 546 1716 lubidinem
560 1661 646 1716 animi
656 1660 714 1724 sui,
732 1669 804 1714 recte
815 1669 898 1730 atque
909 1660 988 1714 ordi-

168 1751 203 1790 ne
220 1731 318 1790 fecere.
357 1734 433 1790 liello
448 1735 637 1796 Macedonico,
657 1735 731 1805 quod
747 1752 810 1790 cum
825 1752 890 1808 rege
905 1735 988 1792 Perse

167 1810 320 1882 gessimus,
332 1809 503 1865 Rhodiorum
513 1812 612 1866 civitas
623 1827 720 1882 magua
731 1819 812 1882 atque
824 1812 986 1884 magnifica,

166 1899 239 1958 quae
249 1884 346 1958 populi
358 1885 472 1941 Romani
482 1885 584 1957 opibus
595 1895 731 1948 creverat,
744 1885 829 1942 infida
841 1895 925 1958 atquo
935 1889 989 1944 ad-

167 1976 247 2016 versa
262 1961 342 2018 nobis
358 1959 426 2018 tuit:
449 1960 498 2016 sed
512 1969 672 2034 postquam,
697 1961 771 2017 bello
789 1959 927 2028 coniecto,
951 1963 989 2020 de

168 2035 285 2094 Rhodiis
299 2034 456 2096 consultum
467 2045 521 2101 est,
539 2037 656 2094 maiores
668 2039 768 2102 nostri,
788 2039 898 2112 nequis
910 2039 989 2096 divi-

167 2112 268 2168 tiarum
279 2115 383 2190 magis,
394 2129 477 2184 quam
487 2113 606 2171 iniuriae
616 2130 713 2173 caussa
725 2115 830 2170 bellum
841 2115 986 2187 inceptum

168 2185 288 2255 diceret,
304 2189 456 2262 impunitos
468 2205 514 2244 eos
525 2188 668 2250 dimisere.
697 2193 764 2246 ltem
776 2190 858 2246 bellis
870 2192 987 2250 Punicis

167 2264 313 2332 omnibus,
334 2282 421 2338 quum
437 2281 519 2337 saepe
534 2265 775 2339 Carthaginienses
792 2274 818 2322 et
834 2267 862 2320 in
873 2284 942 2340 pace
962 2281 989 2328 ct

168 2357 217 2413 per
232 2340 361 2398 inducias
378 2340 463 2398 multa
480 2339 583 2396 nelarie
600 2339 719 2396 facinora
736 2341 879 2408 iecissent,
902 2362 991 2402 num-

168 2433 252 2490 quam
263 2417 318 2489 ipsi
329 2435 378 2490 per
387 2416 558 2474 occasionem
571 2417 636 2473 talia
647 2415 749 2472 iecere:
762 2417 861 2492 magis,
872 2421 945 2492 quid
958 2442 991 2480 se

169 2491 286 2568 dignum
303 2491 385 2558 foret,
410 2510 494 2565 quam
511 2493 581 2564 quid
596 2495 624 2550 in
639 2493 702 2548 illos
717 2494 778 2548 iure
799 2493 859 2548 fieri
879 2510 990 2568 posset,

170 2568 347 2643 quaerebant.
376 2569 433 2624 lloc
443 2569 509 2624 item
518 2569 598 2638 vobis
607 2567 810 2641 providendum
823 2579 877 2635 est,
891 2572 992 2632 Patres

171 2645 332 2718 conscripti,
353 2659 388 2698 ne
398 2644 559 2714 plusvnleat
569 2643 642 2716 apud
653 2660 700 2698 vos
711 2645 741 2700 P.
752 2645 863 2702 Lentuli
874 2655 901 2703 et
910 2659 992 2708 cete

170 2739 262 2780 rorum
276 2719 381 2788 scelus,
393 2735 478 2792 quam
490 2729 579 2778 vestra
592 2718 726 2776 dissitus·
745 2737 815 2767 reve
826 2723 917 2797 magis
929 2726 991 2786 iras
