2070 3036
219 216 507 266 IUGURTHINUM.
528 219 607 266 CAP.
628 223 675 266 1⁰⁰.
695 223 742 266 tut.
842 219 890 272 133
916 229 919 238 “

83 317 162 390 quod
174 317 256 375 multi
266 335 316 392 per
326 317 505 392 ambitionem
516 320 575 376 fieri
586 320 709 392 aiebant3
725 338 804 395 pars,
814 325 890 397 quod

85 413 101 448 a
115 395 237 465 pueritia
252 405 411 451 consuetam
424 395 570 462 duritiam,
591 398 700 463 atalia,
720 415 791 471 quae
806 401 889 458 ceteri

84 469 216 526 miserias
226 479 334 537 vocant,
347 472 482 544 voluptati
493 473 647 530 habuisset.
672 475 732 529 Nisi
743 483 834 532 tamen
844 495 888 534 res

83 545 216 618 publiea,
237 549 340 621 pariter
350 565 382 604 ae
392 550 564 607 saevissumo
577 550 709 624 imperio,
724 550 795 608 hene
806 562 888 625 atque

85 622 287 697 decoregesta.

143 698 186 756 Cl.
204 701 399 773 lgiturquarto
408 700 530 774 denique
541 701 601 767 die,
614 701 688 757 haud
700 701 782 776 longe
792 703 827 758 ab
837 721 888 774 op-

83 774 153 848 pido
173 775 262 843 Cirta,
291 777 417 849 undique
440 777 525 834 simul
548 778 735 851 speculatores
759 779 807 834 citi
826 796 887 834 sese

83 850 248 909 ostendunt:
273 869 329 926 qua
343 870 372 909 re
388 853 474 910 hostis
495 853 592 910 adesse
611 854 791 928 intellegitur.
832 853 886 910 Sed

83 927 152 1000 quia
170 928 276 984 diversi
292 929 454 994 redeuntes,
476 930 549 985 nlius
563 929 598 986 ah
617 929 671 985 alia
691 939 781 1002 parte,
803 938 885 1002 atque

83 1021 182 1060 ornnes
192 1005 267 1060 idem
278 1005 486 1080 significabant;
504 1005 606 1064 Consul
617 1007 752 1072 incertus,
767 1023 887 1080 quonam

83 1079 167 1136 modo
178 1083 266 1138 aciem
275 1082 438 1148 instrueret,
450 1080 528 1138 nullo
537 1082 637 1138 ordine
645 1091 824 1148 commutato,
837 1083 886 1138 ad-

84 1159 301 1215 versumomuia
311 1165 436 1230 paratus,
452 1157 558 1214 ibidem
567 1160 719 1231 opperitur.
739 1160 887 1234 ltalugur-

83 1235 161 1290 tham
172 1251 236 1308 spes
248 1234 385 1299 frustrata,
398 1234 447 1307 qui
459 1236 553 1307 copias
563 1235 592 1290 in
603 1245 721 1308 quatuor
730 1235 886 1308 partesdis-

83 1311 235 1378 tribuerat,
256 1319 346 1376 ratus,
362 1311 537 1367 exomnibus
547 1329 634 1384 aequa
645 1311 753 1384 aliquos
763 1311 799 1367 ab
809 1321 884 1386 tergo

83 1387 213 1443 hostibus
223 1396 365 1444 venturos.
385 1388 498 1443 Interim
509 1387 597 1454 Sulla,
609 1405 693 1460 quem
704 1389 825 1459 priurrma
836 1389 885 1444 ho-

83 1472 141 1520 stes
157 1465 316 1538 attigerant,
338 1463 494 1520 cohortatus
508 1481 588 1529 suos,
608 1464 750 1519 turmatim
765 1472 791 1519 et
801 1481 884 1535 quam

82 1557 215 1596 maxume
234 1539 364 1596 confertis
383 1539 464 1612 equis
479 1540 541 1611 ipse
556 1539 661 1610 aliique
676 1541 785 1596 Mauros
805 1541 885 1596 inva-

82 1615 167 1672 dunt:
193 1617 291 1682 ceteri,
315 1616 345 1671 in
360 1615 420 1671 loco
434 1623 590 1680 manentes,
612 1613 647 1670 ab
661 1614 760 1672 iaoulis
776 1617 885 1672 eminus

82 1693 195 1748 emissis
205 1700 430 1766 corporategere,
445 1698 482 1755 et,
497 1691 522 1746 si
532 1691 582 1763 qui
592 1690 622 1746 in
632 1707 731 1746 manus
742 1699 882 1758 venerant,

81 1768 257 1825 obtruncare.
286 1769 357 1823 Dum
367 1785 399 1824 eo
409 1765 491 1824 modo
500 1767 609 1848 equites
619 1767 802 1839 praeliantur,
817 1767 885 1822 Roo-

82 1843 153 1900 chus
163 1861 228 1900 oum
238 1843 396 1918 peditibus,
416 1860 487 1917 quos
497 1844 588 1900 Volux
602 1842 677 1899 filius
688 1845 749 1899 eius
758 1841 885 1899 adduxe-

82 1929 123 1976 rat
133 1919 235 1993 (neque
245 1921 274 1976 in
284 1921 376 1994 priore
386 1937 494 1993 pugna,
511 1920 541 1975 in
552 1920 651 1976 itinere
660 1919 771 1984 morati,
787 1918 885 1974 adfue-

82 1995 167 2069 rant),
178 2004 344 2069 postremam
355 1997 538 2052 Romanorum
549 1996 636 2051 aciem
646 1993 793 2050 invadunt.
814 1995 884 2050 Turn

81 2073 185 2129 Marius
196 2072 269 2145 apud
280 2073 385 2145 primos
395 2071 507 2146 agebat,
529 2071 604 2145 quod
619 2070 658 2126 ibi
672 2069 805 2144 Iugurtha
821 2086 884 2124 cum

80 2147 213 2220 plurimis
222 2157 290 2204 erat.
320 2149 387 2202 Dein
399 2146 534 2214 Numida,
549 2149 658 2222 cognito
667 2145 770 2202 Booold
779 2145 884 2202 adven-

80 2233 125 2289 tu,
141 2224 213 2280 olam
223 2239 287 2280 oum
297 2224 395 2296 paucis
406 2222 441 2278 ad
451 2223 559 2296 pedites
570 2222 719 2279 convertit:
735 2222 776 2277 ibi
786 2224 883 2279 Latine

80 2299 155 2372 (nam
176 2299 252 2373 apud
269 2301 446 2355 Numantiam
467 2300 543 2372 loqui
563 2297 708 2370 didiceratl
730 2298 879 2354 exclamat:

81 2383 217 2440 „nostros
232 2375 334 2432 frustra
348 2391 485 2448 pugnare;
511 2374 605 2447 paullo
625 2381 686 2430 ante
699 2374 817 2430 Marium
832 2391 883 2428 sua

80 2468 165 2508 manu
176 2451 351 2508 interiectum
359 2457 389 2520 3⁸·
397 2449 480 2505 simul
487 2448 753 2524 gladiumsanguine
764 2449 882 2506 oblitum

78 2527 240 2594 ostendere,
262 2545 345 2600 quem
356 2528 505 2600 inpugna,
523 2525 590 2581 satis
601 2524 721 2599 impigre
731 2526 822 2582 occiso
831 2542 883 2597 pa-

79 2603 137 2660 dite
148 2612 255 2667 nostro,
272 2610 473 2658 cruentaverat.
504 2600 584 2668 Quod
594 2600 643 2656 uhi
653 2602 756 2658 milites
766 2617 882 2674 accepe-

79 2695 118 2746 re,
133 2679 226 2754 magis
235 2679 375 2734 atrocitate
385 2679 435 2742 rei,
450 2693 534 2749 quam
546 2676 600 2732 lide
610 2677 716 2744 nuncii,
728 2684 847 2734 terrente

78 2755 221 2828 simulque
235 2753 346 2810 barbari
361 2757 468 2810 animos
482 2753 578 2811 tollere
593 2763 619 2810 et
634 2754 663 2810 in
675 2753 813 2827 perculsa
