2058 3032
61 219 64 227 '
150 211 182 265 'ld
303 217 330 263 0.
351 217 406 263 CR.
427 214 632 263 SALLUSTII
651 213 804 260 BELLUM

151 327 205 375 tam
221 333 271 374 vos
286 317 422 374 libertatis
434 333 527 371 euram
539 315 692 380 haberetis,
713 313 853 388 quantilli
864 313 901 370 ad
912 314 968 370 do-

151 394 330 450 minationem
340 392 448 450 accensi
457 399 535 462 sunt;
552 390 675 464 pmfacto
686 405 776 462 nequa
787 389 964 461 respublica,

150 470 233 526 sicuti
253 487 340 536 nunc,
361 476 527 537 vastaretur3
560 475 587 522 at
605 465 740 522 beneficia
759 472 851 520 vostra
872 482 965 538 panas

149 555 291 619 optumos,
303 563 357 601 non
369 542 590 607 audacissumos,
603 541 701 597 forent.
732 541 849 598 Maiores
860 542 964 606 vostri,

149 621 267 696 parandi
280 622 350 676 iuris
361 619 552 676 etmaiestatis
567 616 776 674 constituendus
789 617 892 689 grstia,
916 615 965 672 his

150 715 200 770 par
209 698 394 753 secessionem
409 695 506 755 armati
518 693 686 750 Aventinum
700 707 886 765 occupavere:
910 709 965 748 vos

149 790 199 847 pro
210 773 350 836 libertate,
365 787 449 845 quam
460 771 495 825 ab
505 770 564 825 illis
574 769 734 840 accepistis,
749 783 839 823 nonne
850 783 965 822 summa

149 865 201 922 ope
211 845 357 904 nitemini?
378 854 461 918 atqua
471 863 503 901 eo
513 845 721 908 vehementius,
741 842 965 915 quomaiusde·

149 924 235 979 decus
251 932 306 988 est,
331 931 408 995 parta
422 923 560 982 amittere,
582 935 666 991 quam
680 920 792 975 omuino
808 935 863 974 nou
877 935 964 990 para-

149 1001 234 1055 visse.
275 1000 350 1054 Dicet
361 997 477 1069 aliquis:
499 995 569 1069 quid
579 996 666 1068 igitur
675 991 790 1049 censes?
805 993 964 1050 Vindican-
1020 1009 1021 1044 ς

149 1075 216 1130 dum
231 1075 259 1129 in
271 1091 331 1139 eos,
352 1075 402 1145 qui
417 1072 488 1128 hosti
503 1070 651 1145 prodidere
666 1068 882 1142 rempublicam:
904 1087 963 1125 non

149 1167 232 1205 mauu
248 1165 338 1221 neque
352 1150 395 1216 vi;
418 1147 494 1221 quod
508 1149 597 1220 magis
608 1163 658 1203 vos
671 1145 786 1210 iecisse,
806 1159 891 1216 quam
901 1145 963 1202 illis

149 1225 300 1289 accidisse,
314 1223 464 1297 iudignum
475 1231 529 1292 est3
547 1239 645 1278 verum
655 1219 866 1294 quaestiouibus
877 1228 907 1276 et
915 1221 963 1278 in-

149 1300 223 1355 dicio
237 1301 329 1371 ipsius
343 1299 503 1373 Iugurthae.
542 1297 595 1365 Qui
611 1299 635 1353 si
651 1297 802 1352 dediticius
817 1303 872 1361 est,
894 1313 962 1370 pro-

150 1375 219 1431 lecto
234 1375 319 1430 iussis
334 1375 435 1430 vostris
451 1374 584 1430 obediens
600 1374 665 1428 erit:
690 1373 733 1428 sin
748 1387 781 1426 ea
796 1373 960 1438 contemnit,

149 1451 257 1508 scilicet
268 1449 489 1516 existumabitis,
511 1449 603 1522 qualis
612 1448 662 1504 illa
672 1465 728 1521 par
738 1455 785 1502 aut
795 1446 903 1503 deditio
912 1449 960 1514 sit,

149 1543 248 1599 exque
261 1523 792 1601 adiugurthamscelerumimpunitas,
809 1522 844 1580 ad
854 1539 961 1595 paucos

149 1610 275 1677 potentes
283 1619 430 1659 maxumae
439 1603 565 1667 divitiae,
578 1602 638 1657 atio
645 1598 846 1673 rempublicam
857 1599 960 1656 damna

150 1689 232 1752 atque
243 1678 377 1735 dedecora
386 1678 578 1752 perveneriut;
595 1677 652 1732 nisi
663 1676 731 1731 lorta
741 1673 865 1738 madum
875 1677 960 1730 etiam

148 1773 199 1811 vos
210 1755 407 1812 dominationis
419 1771 514 1811 eorum
524 1755 635 1808 satietas
646 1759 734 1815 tenet,
755 1757 782 1805 et
791 1750 854 1814 illa,
874 1767 959 1822 quam

149 1830 230 1895 haee,
253 1841 375 1905 tempora
386 1831 476 1903 magis
486 1830 610 1901 placent,
627 1843 715 1898 quum
724 1841 822 1899 regna,
844 1827 962 1898 provin-

149 1906 223 1970 ciae,
232 1906 318 1980 leges,
333 1907 403 1970 iura,
416 1904 531 1968 iudicia,
540 1902 613 1957 bella
624 1910 706 1974 atque
716 1918 808 1973 paces,
820 1910 961 1974 postremo

149 1980 245 2037 divina
257 1989 284 2037 et
295 1981 415 2036 humana
425 1979 517 2035 omnia
527 1994 612 2049 penes
623 1993 727 2049 paucos
737 1985 828 2033 eraut:
849 1994 900 2034 vos
911 1995 961 2034 au·

149 2063 219 2121 tem,
244 2053 371 2132 [horest,
392 2055 513 2128 populus
524 2050 690 2129 Romanus,]
712 2053 811 2110 invicti
826 2053 861 2110 ab
872 2053 962 2110 hosti·

148 2131 216 2197 bus,
237 2133 415 2204 imperatores
424 2129 547 2185 omnium
562 2130 703 2202 gentium,
725 2129 792 2184 satis
802 2127 958 2194 habebatis,

148 2207 271 2261 animam
287 2207 418 2274 retinere;
443 2221 507 2260 uam
521 2205 685 2261 servitutem
699 2203 814 2278 quidem
829 2207 895 2278 quis
910 2223 961 2260 vo-
1019 2253 1020 2262 ,

148 2288 236 2336 strum
252 2298 381 2338 recusare
396 2277 534 2337 audebatl
553 2279 637 2352 Atqui
658 2297 723 2356 ego,
746 2281 854 2336 tametsi
878 2279 958 2356 [viro]

148 2354 408 2431 flagitiosissumum
423 2357 575 2421 existumo,
597 2358 711 2430 impune
729 2355 861 2412 iniuriam
882 2373 961 2412 aeos-

149 2433 239 2505 pisse,
261 2439 368 2497 tamen,
391 2449 441 2489 vos
455 2431 618 2487 hominibus
633 2430 864 2488 sceleratissumis
879 2432 960 2505 igno·

149 2525 239 2574 scere,
260 2507 568 2579 quoniamcivess'unt,
589 2523 678 2580 aequo
688 2505 780 2561 auimo
791 2515 912 2576 paterer,
931 2507 957 2562 ui

152 2581 339 2641 misericordia
351 2583 380 2637 in
391 2583 544 2654 perniciem
555 2598 653 2637 casura
663 2588 745 2636 esset.
773 2582 841 2636 Nam
853 2582 956 2646 stillis,

150 2669 283 2734 quantum
297 2657 514 2728 importunitatis
529 2655 645 2719 habent,
662 2671 760 2728 parum
772 2665 826 2719 est,
844 2657 957 2728 impune

151 2737 223 2794 male
239 2735 348 2798 lecissc,
369 2732 424 2787 nisi
440 2729 542 2786 deinde
558 2729 680 2784 faciundi
702 2730 811 2784 licentia
825 2732 955 2802 eripitur
