2070 3036
88 307 203 367 esrem,
217 298 322 372 quibus
332 298 375 354 illi
386 298 463 364 irati,
478 317 548 366 non,
558 299 600 354 uti
611 299 733 371 equestri

89 380 147 443 let,
159 377 255 448 sequi,
267 374 333 430 dein
344 373 455 454 cedepm
469 375 519 431 sed
529 374 654 431 adversis
665 375 745 446 equis
755 391 902 430 concurre·

88 471 139 518 re,
160 453 305 526 implicare
321 451 634 524 auperturbareaoiem,
654 451 693 505 ita
703 450 841 524 expeditis
851 467 902 523 pe-

88 527 203 584 ditibus
213 529 273 582 suis
284 527 372 582 hostis
384 543 472 598 paene
482 529 570 582 victos
580 526 658 581 dare.

149 603 210 660 LX.
228 603 332 659 Eodem
348 610 470 675 tempore
483 604 558 676 apud
569 605 677 658 Zamam
691 617 791 674 magna
801 600 831 655 vi
841 617 901 655 cer-

87 679 214 738 tabatur.
253 679 307 734 Ubi
322 679 442 751 quisque
458 678 564 752 legatus
578 687 624 734 aut
634 678 763 734 tribunus
777 676 899 740 curabat,

89 774 126 812 eo
153 773 295 810 acerrume
305 754 470 826 niti3neque
479 754 551 810 alius
561 755 591 810 in
601 754 656 809 alio
666 753 764 826 magis,
776 769 861 825 quem
871 752 901 808 in

87 849 165 896 sese,
178 848 256 903 spem
267 830 382 900 habere;
400 832 556 902 pariterque
565 829 698 903 oppidani
710 845 800 902 agere,
811 845 902 900 oppu-

87 924 180 982 gnare
190 916 238 962 aut
245 923 342 980 parare
351 906 482 961 omnibus
493 907 575 970 loeis:
591 905 702 961 avidius
712 905 791 961 alteri
802 904 901 959 alteros

20 1023 21 1027 ,
88 983 234 1046 sauciare,
248 999 333 1055 quam
343 990 430 1037 semet
438 989 544 1056 tegere3
560 981 662 1037 elamor
673 980 827 1052 permixtus
837 979 902 1034 hor-

88 1059 210 1124 tatione,
227 1056 345 1123 laetitia,
357 1059 477 1132 gemitu:
498 1058 565 1112 item
575 1058 708 1130 strepitus
718 1072 856 1112 armorum
866 1055 902 1111 ad

88 1135 203 1191 eoelum
218 1133 297 1189 ferri:
322 1134 377 1189 tela
394 1134 535 1206 utrimque
549 1135 653 1190 volare.
693 1131 748 1189 Sed
768 1132 825 1196 illi,
851 1134 902 1205 qui

20 1271 21 1274 υ
89 1211 203 1266 moenia
214 1208 408 1274 defensabant,
425 1209 475 1264 ubi
485 1210 577 1265 hostes
588 1209 746 1281 paullulum
757 1209 837 1265 modo
847 1225 902 1280 pu-

88 1303 177 1362 gnam
188 1286 364 1350 remiserant,
384 1285 484 1341 intenti
497 1285 634 1358 praelium
649 1293 776 1358 equestre
787 1302 902 1358 prospe-

23 1417 29 1426 „
89 1359 218 1433 stabant3
234 1377 294 1426 eos,
310 1361 350 1416 uti
360 1377 487 1434 quaeque
498 1361 647 1436 Iurgurthae
658 1379 702 1417 res
712 1369 803 1426 erant,
816 1361 901 1417 laetos

26 1497 27 1502 υ
67 1438 189 1502 modo,
206 1436 286 1492 modo
297 1437 413 1509 pavidos
424 1436 672 1496 animadverteres:
693 1455 738 1502 ao,
756 1438 840 1492 sicuti
851 1453 902 1492 au-

21 1549 22 1554 1
89 1515 148 1571 diri
158 1531 174 1568 a
186 1514 245 1568 suis
256 1520 305 1568 aut
313 1513 389 1568 cerni
397 1522 525 1584 possent,
544 1531 655 1568 monere
666 1513 729 1578 alii,
750 1513 798 1568 alii
808 1513 902 1568 horta-

20 1630 21 1634 κ
88 1592 114 1647 ri
122 1632 136 1655 ,.
147 1597 196 1645 aut
206 1605 290 1644 manu
299 1587 472 1662 significare,
489 1596 537 1644 aut
549 1589 601 1643 niti
612 1589 788 1662 corporibus3
810 1589 864 1644 hue
875 1597 902 1646 et

17 1707 26 1737 υ
86 1667 176 1731 illue,
208 1665 289 1736 quasi
307 1662 456 1719 vitabundi
475 1670 523 1718 aut
540 1664 673 1718 iacientes
691 1664 760 1730 tela,
786 1665 900 1738 agitare.

17 1803 25 1812 υ
86 1741 171 1810 Quod
184 1739 232 1795 ubi
242 1740 328 1795 Mario
339 1740 480 1812 cognitum
492 1747 534 1794 est
549 1737 623 1812 (nam
638 1740 662 1793 is
678 1740 708 1794 in
721 1755 754 1794 ea
765 1748 843 1811 parte
852 1757 902 1794 ou·

87 1815 195 1890 rabat),
217 1815 342 1871 eonsulto
358 1815 449 1870 lenius
464 1831 545 1888 agere
560 1832 592 1870 ao
606 1814 792 1871 diffidentiam
806 1816 845 1870 rei
861 1817 902 1870 si-

17 1889 34 1958 ss,
86 1893 212 1966 mulare:
233 1892 292 1963 pati
306 1889 441 1946 Numidas
456 1893 517 1947 sine
536 1891 658 1947 tumultu
676 1892 751 1965 regis
765 1892 902 1963 praelium

17 1963 19 1969 '
86 1969 193 2040 visere.
237 1969 276 2022 lta
295 1966 353 2021 illis
372 1967 465 2023 studio
479 1985 593 2022 suorum
613 1967 766 2031 adstrictis,
789 1969 902 2040 repenle

19 2081 33 2119 υ
86 2060 192 2118 magna
207 2043 236 2097 vi
251 2059 363 2098 murum
378 2043 553 2118 aggreditur:
578 2053 606 2100 et
624 2045 679 2098 iam
694 2043 778 2098 scalis
796 2045 902 2117 egressi

26 2157 32 2190 ,-
87 2120 196 2176 milites
209 2135 296 2191 prope
311 2136 420 2174 summa
430 2129 564 2192 ¹ceperant
578 2137 666 2193 quum
683 2119 817 2192 oppidani
836 2137 902 2176 oon-

17 2201 39 2273 υᾎ,
87 2201 215 2258 currunt,
231 2193 349 2266 lapides,
364 2197 468 2268 ignem,
481 2196 534 2251 alie
545 2205 685 2268 praeterea
696 2195 749 2251 tela
760 2197 900 2270 ingerunt.

17 2305 38 2349 ,2
86 2271 182 2328 Nostri
192 2269 283 2342 primo
295 2269 437 2326 resistere:
460 2271 576 2338 deinde,
597 2273 647 2327 ubi
658 2289 730 2328 unae
740 2283 822 2346 atque
833 2273 902 2328 alte-

17 2353 39 2423 ,υζ
87 2365 135 2404 rae
151 2346 243 2402 scalae
258 2347 457 2412 comminutae,
483 2349 534 2420 qui
548 2357 777 2422 supersteterant,
805 2347 902 2404 afflicti

17 2423 40 2494 f,
87 2431 168 2492 sunt3
194 2423 293 2486 ceteri,
313 2438 425 2494 quoquo
443 2423 524 2478 modo
541 2435 668 2496 potuere,
688 2426 771 2497 pauci
787 2425 899 2498 integri,

17 2499 39 2566 ζ-ις
87 2515 190 2572 magna
213 2515 278 2571 pars
297 2496 415 2554 conlecti
435 2498 596 2555 volneribus
620 2499 731 2556 abeunt.
776 2502 901 2572 Denique

17 2571 32 2652 35,
88 2575 232 2646 utrimque
242 2574 380 2646 praelium
394 2591 450 2632 nox
459 2574 582 2631 diremit.

17 2650 34 2730 υ
145 2649 217 2706 llll.
238 2650 898 2723 Metellus,postquamvidetlrustrainceptum,

17 2748 38 2806 υυ
89 2742 182 2799 neque
190 2725 326 2798 oppidum
336 2729 413 2799 oapi,
429 2744 520 2799 neque
530 2729 704 2802 Iugurtham,
720 2729 820 2782 nisiex
830 2727 900 2793 inei-

704 2801 713 2817 Ι
742 2801 751 2816 Ι

675 2804 750 2860 ῦ.2’
777 2831 807 2866 ⁶⁹⁴
826 2835 863 2856 ΒΜ

704 2861 712 2876 e
740 2863 779 2892 'a
827 2871 832 2884 υ

621 2889 624 2896 a
703 2893 712 2909 ν
740 2885 847 2928 ’1141)

710 2921 719 2937 Ι
