2086 3042
160 197 205 253 l3t't
303 206 329 252 C.
351 205 405 254 CR.
426 206 631 252 stanuum
648 205 802 254 BELLUM

157 317 200 364 tus
214 305 399 380 proficiscitur
413 309 442 362 lo
457 305 516 362 loon
535 306 608 374 sola,
628 307 773 364 obsessum
793 308 892 366 turrim
911 326 959 368 ra-

155 383 244 458 giam‚
267 400 321 455 quo
331 382 463 456 Iugurtha
474 382 605 456 perfugas
617 386 708 440 omnis
718 385 890 457 praesidium
901 385 965 456 im-‚

154 469 293 532 posuerat.
315 461 384 516 Tum
396 476 490 515 rursus
501 460 634 523 Bocchus,
646 461 753 517 scilieet
763 479 811 518 seu
822 471 958 534 reputan-

155 535 199 597 do,
211 535 347 606 quaesibi
360 535 468 590 duobus
478 537 592 608 praeliis
603 547 758 600 evenerant.
770 555 818 594 seu
828 539 957 594 admoui-

155 621 200 668 tus
215 612 250 666 ab
266 612 328 666 aliis
338 613 450 676 amicis,
470 628 540 684 quos
555 613 727 684 incorruptos
740 615 871 687 iugurtha
888 615 958 672 reli-

153 697 265 760 querat,
288 705 323 744 ex
337 689 412 742 omni
425 689 503 759 copia
514 691 729 744 necessariorum
741 692 867 762 quinque
877 691 958 748 dele·

154 763 208 838 gil.
225 781 342 836 quorum
354 773 380 819 et
392 761 460 820 lules
470 767 593 838 cognita,
610 775 637 820 et
647 766 758 838 ingenia
771 766 957 836 validissuma

78 885 82 892 .
154 843 240 896 erant.
280 841 333 895 Eos
344 839 378 894 ad
391 841 520 902 Marium,
539 859 569 896 ao
580 841 659 904 dein,
671 841 695 895 si
708 842 826 913 placeat,
840 844 959 899 llomam

95 949 101 964 ·
155 913 258 988 legatos
272 917 312 971 ire
328 916 418 971 iubet:
446 917 613 989 agendarum
629 933 720 971 rerum
737 927 763 972 et
777 935 959 991 quocumque

154 993 235 1046 morlo
247 991 311 1047 belli
324 993 505 1064 componendi
519 994 656 1048 licentiam
669 993 738 1063 ipsis
750 996 892 1064 permittit.
910 995 958 1051 llli

154 1080 259 1124 oratore
273 1068 306 1124 ad
322 1068 436 1123 hiberna
449 1069 627 1124 llomaoorum
641 1070 865 1140 proticisountur:
887 1071 959 1126 dein

153 1143 181 1198 in
195 1146 291 1200 itinere
302 1162 316 1200 a
329 1144 453 1200 Gaetulis
465 1145 616 1200 latronibus
631 1146 812 1200 circumventi
826 1145 960 1217 spoliati-

153 1236 221 1292 que,
236 1220 329 1292 pavirll
341 1222 402 1274 sine
413 1219 509 1276 decore
521 1221 554 1275 ad
565 1220 668 1275 Sullam
680 1221 855 1295 profugiunt;
869 1238 958 1294 quem

154 1293 270 1358 Consul,
291 1297 320 1351 in
337 1296 539 1367 expeditionem
556 1295 747 1367 proficiscens,
768 1299 958 1370 propraetore

153 1373 181 1428 in
198 1373 295 1428 castris
310 1372 467 1443 reliquerat.
507 1373 561 1428 Eos
575 1372 623 1426 ille
638 1391 691 1430 oon
706 1390 756 1447 pro
772 1376 851 1429 vania
865 1374 958 1432 hosti-

152 1446 221 1513 bus,
242 1449 281 1504 uti
294 1450 383 1504 meriti
397 1455 487 1511 erant,
503 1447 552 1502 sed
564 1459 689 1503 accurate
699 1467 730 1504 ao
742 1449 892 1506 liberaliter
904 1451 958 1507 ha-

153 1523 228 1584 buit:
250 1542 304 1596 qua
319 1521 466 1579 rebarbari
478 1533 504 1578 ot
516 1523 615 1578 lamam
628 1525 808 1582 llomanorum
820 1527 958 1586 avaritiae

153 1599 260 1665 falsam,
272 1611 298 1656 et
309 1599 425 1664 Sullam.
437 1599 472 1656 ob
484 1599 700 1656 munificentiam
712 1604 820 1665 lasese,
832 1603 957 1660 amioum

152 1678 215 1732 rati.
254 1677 323 1731 Nam
343 1678 425 1731 etiam
445 1686 502 1730 tum
524 1676 632 1749 largitio
652 1678 746 1732 multis
766 1680 859 1752 ignota
878 1690 954 1738 erat:

152 1751 301 1808 munilious
312 1769 392 1807 nemo
402 1752 562 1824 putabatur,
575 1753 628 1806 nisi
640 1755 742 1824 pariter
755 1755 865 1810 volens:
880 1756 956 1814 dona

152 1830 243 1884 omnia
258 1830 286 1884 in
303 1828 473 1900 benignitate
489 1827 671 1885 hebebantur.
711 1830 797 1903 Igitur
811 1835 956 1902 quaestori

152 1903 278 1960 mandata
291 1904 388 1959 Bocchi
400 1903 581 1975 patefaciunt;
601 1904 684 1960 simul
697 1905 732 1959 ab
742 1922 773 1960 eo
783 1916 894 1977 petunt,
910 1909 954 1964 uti

152 1978 241 2036 fautor
251 1980 445 2050 consultorque
456 1979 510 2034 sibi
522 1979 607 2045 adsitt
621 1981 724 2052 copias,
737 1979 829 2043 fidem.
843 1984 957 2057 magni-

151 2057 277 2113 tudinem
288 2057 426 2129 regissui‚
439 2055 537 2118 atalia,
550 2066 679 2126 quaeant
690 2056 767 2112 utilia
778 2057 955 2116 autbenevo-
1030 2091 1031 2129 ;

153 2131 253 2189 leotiae
263 2148 324 2188 esse
334 2130 491 2194 credebant,
502 2131 623 2186 oratione
635 2133 785 2188 extollunt:
797 2133 872 2198 dein,
885 2133 955 2191 Sul-

152 2208 178 2264 la
193 2209 284 2265 omnia
301 2207 438 2278 pollicito,
458 2205 547 2271 docti,
568 2224 623 2278 quo
637 2208 718 2264 modo
732 2208 806 2280 apud
822 2211 950 2277 Marium,

152 2285 217 2340 item
229 2283 302 2355 apud
315 2283 444 2337 Senatum
458 2281 540 2337 verba
553 2281 799 2350 lacereut‚circiter
809 2283 869 2341 dies
880 2303 953 2360 qua·
1029 2299 1030 2310 ¹

152 2357 596 2434 dragintaibidemopperiuntur.

207 2435 274 2492 etv.
288 2435 400 2500 Marius,
415 2444 560 2507 postquam
572 2433 694 2490 conlecto
705 2434 824 2508 negotio,
840 2453 895 2508 quo
906 2438 952 2493 in-

151 2511 288 2573 tenderat.
300 2511 400 2568 Cirtam
414 2509 498 2574 redit,
511 2509 546 2565 de
557 2510 676 2566 adventu
688 2509 838 2583 legatorum
850 2513 952 2570 certior

151 2586 250 2650 lactus.
263 2587 381 2658 illosque
392 2596 418 2642 et
428 2585 534 2641 Sullam
546 2585 581 2640 ad
591 2603 621 2641 so
631 2586 727 2641 venire
737 2586 823 2652 iubet,
839 2589 906 2644 item
916 2589 948 2645 L.
1025 2649 1028 2658 *

149 2663 304 2720 ilellienum
315 2663 467 2717 Praetorem
478 2660 514 2716 ab
525 2661 616 2724 Utica,
636 2671 775 2733 praeterea
789 2679 884 2719 omnes
896 2681 950 2720 un-

151 2739 235 2812 dique
247 2737 381 2796 Senatorii
391 2736 513 2801 ordinis.
530 2735 700 2810 quibuscum
710 2735 838 2794 mandata
848 2739 948 2796 Booolii
